2900 4284
1255 421 1603 495 (101)

423 639 602 700 THE
654 640 958 701 GREEK
1007 639 1234 700 TEXT
1286 639 1396 700 OF
1445 638 1624 698 THE
1683 636 2071 699 ROSETTA
2132 635 2431 698 STONE.

1204 804 1654 869 TRANSORIPT.

476 980 515 1050 1
622 978 1157 1056 Βασιλέυοντος
1190 979 1317 1051 τοῦ
1352 978 1537 1065 νέου,
1571 976 1692 1050 καὶ
1719 977 2279 1076 παραλαβόντος
2305 975 2436 1070 τὴν

620 1103 1015 1194 βασιλείαν
1037 1103 1235 1202 παρὰ
1260 1105 1389 1177 τοῦ
1410 1103 1707 1200 πατρός,
1736 1103 1984 1201 κυρίου
2005 1102 2434 1197 βασιλειῶν,

619 1228 1137 1330 μεγαλοδόξου,
1192 1231 1320 1303 τοῦ
1370 1228 1502 1323 τὴν
1535 1226 1903 1328 Αἴγυπτον
1958 1259 2432 1326 καταστησα-

620 1359 838 1451 μένου
875 1354 996 1429 καὶ
1030 1355 1121 1429 τὰ
1155 1356 1335 1454 πρὸς
1368 1355 1533 1435 τοὺς

474 1565 518 1635 2
626 1563 827 1644 θεοὺς
862 1564 1240 1655 εὐσεβοῦς,
1272 1562 1678 1637 ἀντιπάλων
1709 1565 2121 1662 ὑπερτέρου,
2152 1566 2278 1638 τοῦ
2313 1567 2437 1639 τὸν

618 1689 791 1782 βίον
841 1694 979 1765 τῶν
1031 1671 1421 1788 ανθρώπων
1474 1691 2134 1787 ἐπανορθώσαντος,
2186 1690 2435 1789 κυρίου

619 1813 1368 1915 τριακονταετηρὶὃων,
1415 1816 1757 1915 ,καθάπερ
1818 1814 1858 1889 ὁ
1920 1813 2334 1913 Ἥφαιστος
2393 1821 2431 1891 ὃ

619 1945 867 2042 μέγας·
919 1943 1312 2038 βασιλέως,
1358 1942 1686 2041 καθάπερ
1724 1940 1764 2015 ὁ
1802 1939 2053 2022 Ἥλιος

471 2147 514 2216 3
617 2147 845 2242 μέγας
913 2146 1273 2237 βασιλεύς
1335 2149 1474 2219 τῶν
1529 2178 1606 2221 τε
1666 2145 1809 2221 ἄνω
1869 2149 1990 2221 καὶ
2045 2152 2185 2223 τῶν
2243 2150 2433 2223 κοίτω

617 2273 895 2368 χωρῶν·
986 2271 1288 2370 ἐκγόνου
1359 2272 1534 2346 θεῶν
1606 2275 2136 2372 Φιλοπατόρων·
2243 2275 2325 2348 ὃν
2394 2279 2432 2348 ὁ

611 2394 1032 2495 Ἥφαιστος
1085 2395 1545 2492 ἐδοκίμασεν·
1639 2399 1691 2472 ὦ
1754 2398 1794 2473 ὁ
1856 2397 2108 2479 ιγΗλιος
2172 2400 2212 2474 ἕ
2256 2433 2432 2474 ωκεν

616 2526 747 2618 τὴν
795 2523 1019 2619 νίκην·
1078 2525 1348 2604 εἰκόνος
1400 2527 1642 2622 ζώσης
1687 2528 1815 2600 τοῦ
1854 2527 2049 2615 Διὸς,
2102 2526 2260 2601 υἱοῦ
2306 2531 2433 2601 τοῦ

614 2649 903 2741 Ἠλίου,
945 2651 1425 2747 Πτολεμαίου,

473 2864 518 2931 4
625 2853 1526 2959 αἷωνοβίου,ἡγαπημένου
1550 2862 1687 2936 ὑπὸ
1708 2864 1834 2936 τοῦ
1860 2864 2032 2937 Φθᾶ.
2059 2864 2255 2945 ἔτους
2279 2867 2430 2939 ἐνοί-

621 3017 773 3086 του,
814 2986 924 3082 ἐφ’
963 2987 1200 3086 ἱερέως
1238 2986 1464 3062 Ἀέτου
1506 2991 1631 3061 τοῦ
1678 2987 1904 3063 Ἀέτου
1949 2988 2429 3090 Ἀλεξάνδρου,

625 3113 747 3186 καὶ
796 3113 972 3187 θεῶν
1028 3120 1409 3211 Σωτήρων,
1460 3113 1582 3188 καὶ
1646 3114 1822 3188 θεῶν
1883 3113 2248 3210 Ἀδελφῶν,
2309 3118 2432 3191 καὶ

624 3238 800 3314 θεῶν
836 3242 1277 3340 Εὐεργετῶν,
1320 3241 1440 3315 καὶ
1477 3241 1657 3315 θεῶν
1695 3246 2201 3342 Φιλοπατόρων
2236 3242 2358 3317 καὶ

472 3456 513 3526 5
623 3452 789 3527 θεοῦ
860 3453 1299 3552 Ἐπιφανοῦς
1388 3459 1890 3558 Εὗχαρίστου·
2010 3460 2430 3558 ἇθλοφόρου

618 3582 1001 3680 Βερενίκης
1052 3581 1542 3681 Εὐεργέτιδος,
1587 3587 1885 3684 Πύῤῥας
1939 3590 2062 3682 τῆς
2119 3588 2422 3661 Φιλίνου·

621 3713 1040 3807 κανηφόρου
1080 3707 1448 3806 Ἀρσινόης
1488 3709 1964 3808 Φιλαδέλφου,
2000 3711 2255 3813 Ἀρείας
2302 3718 2429 3811 τῆς
