2900 4284
490 399 608 464 172
1088 401 1238 446 THE
1289 399 1617 447 ROSETTA
1665 400 1898 446 STONE

483 557 688 623 medio
733 556 849 622 illa
894 557 1093 623 fascia
1148 559 1344 643 regia,
1396 579 1561 643 quae
1604 557 1968 645 appellatur
2016 558 2316 636 Pschent,
2368 577 2497 642 qua

482 669 912 735 circumdatus
997 669 1327 757 ingressus
1424 677 1524 734 est
1598 669 1937 757 Memphin
2003 719 2286 736 .....
2335 666 2496 754 (45).

484 780 738 865 quando
816 789 1075 869 peracta
1153 788 1305 847 sunt
1400 781 1718 847 sollennia
1808 780 2201 867 suscipiendi
2275 778 2496 867 regni3

481 892 801 980 imponere
826 916 1077 981 quoque
1109 916 1304 981 supra
1325 900 1664 981 tetragona
1694 894 1867 981 quod
1896 915 2006 959 eas
2028 893 2261 959 fascias
2285 891 2495 979 regias

480 1004 849 1085 circumdat,
883 1005 1069 1071 iuxta
1111 1005 1511 1093 praedictum
1540 1005 1795 1094 insigne
1849 1005 2097 1093 regium
2140 1003 2493 1089 (Pschent)‚

481 1116 762 1182 amuleta
793 1139 987 1183 aurea
1035 1167 1049 1182 .
1101 1168 1117 1183 .
1169 1170 1182 1184 .
1234 1168 1248 1183 .
1301 1115 1462 1203 (46).
1502 1117 1809 1202 quonium
1841 1114 2006 1181 illud
2050 1122 2150 1181 est
2178 1116 2351 1203 regis
2383 1113 2495 1202 qui

481 1229 843 1295 illustrauit
927 1229 1319 1317 superiorem
1393 1235 1459 1294 et
1533 1229 1898 1295 inferiorem
1973 1229 2340 1316 regionem3
2431 1234 2496 1292 et

486 1341 1000 1428 quandoquidem
1045 1341 1436 1407 tricesimum
1492 1341 1657 1406 diem
1704 1342 1974 1420 Mesore‚
2028 1342 2186 1422 (47).
2221 1363 2347 1427 quo
2393 1339 2496 1405 die

481 1452 721 1520 natalis
759 1454 928 1540 regis
974 1453 1352 1532 celebratur,
1386 1452 1687 1518 similiter
1731 1453 1927 1518 etiam
1978 1504 2319 1520 ......
2367 1475 2493 1538 quo

481 1588 744 1650 regnum
805 1564 1049 1652 accepit
1091 1587 1128 1629 a
1181 1570 1379 1651 patre,
1423 1564 1678 1629 nomine
1739 1563 1879 1629 eius
1925 1572 2376 1630 consecrarunt
2426 1565 2494 1629 in

483 1677 756 1764 templis,
810 1678 922 1762 qui
978 1680 1114 1742 (lies-
1166 1675 1386 1763 vtique
1431 1675 1779 1741 multorum
1840 1677 2150 1742 bonorum
2204 1676 2495 1764 auspicia

479 1789 773 1855 omnibus
820 1795 990 1868 sunt,
1024 1789 1260 1855 habere
1306 1788 1425 1854 hos
1473 1789 1611 1855 dies
1658 1790 1856 1854 festos
1908 1842 1919 1855 .
1969 1843 1982 1856 .
2035 1842 2048 1857 .
2096 1789 2164 1854 in
2202 1791 2496 1855 omnibus

482 1902 741 1989 templis
790 1903 949 1981 (48).
996 1901 1280 1988 Aegypti
1333 1924 1445 1987 per
1493 1924 1790 1981 mensem,
1827 1909 1892 1966 et
1943 1924 2247 1989 peragere
2296 1901 2365 1967 in
2411 1901 2493 1966 iis

480 2014 792 2079 sacrificia
853 2019 918 2079 et
966 2012 1311 2078 libationes
1362 2020 1426 2078 et
1487 2012 1737 2100 reliqua
1796 2036 1873 2079 ex
1927 2035 2098 2079 more
2159 2012 2491 2092 sollennia,

479 2126 1005 2212 quemadmodum
1066 2132 1129 2190 et
1201 2125 1271 2190 in
1354 2125 1582 2191 ceteris
1660 2125 2078 2206 sollennibus,
2143 2127 2492 2211 solitasque

481 2239 911 2304 exhibitiones
963 2290 974 2303 .
1029 2290 1043 2304 .
1096 2291 1108 2305 .
1162 2290 1175 2304 .
1226 2261 1370 2304 cum
1448 2237 1616 2317 aliis,
1681 2261 1844 2324 quae
1919 2238 2210 2325 praeberi
2285 2238 2494 2304 solent

481 2350 645 2439 (49).
687 2352 755 2416 in
797 2350 1057 2437 templis
1079 2376 1093 2432 3
1144 2372 1332 2438 agere
1365 2373 1515 2416 vero
1569 2351 1808 2416 festum
1857 2358 1923 2416 et
1971 2351 2257 2417 sollenne
2307 2350 2491 2438 long-

481 2485 641 2529 aeuo
687 2470 752 2529 et
798 2462 1031 2528 dilecto
1071 2485 1107 2527 a
1140 2462 1373 2543 Phtha,
1409 2463 1546 2550 regi
1585 2464 1951 2529 Ptolemaeo
1987 2465 2120 2529 Deo
2153 2463 2495 2549 Epiphani

480 2574 797 2655 munificO,
848 2574 1193 2661 quotannis
1241 2627 1254 2641 .
1310 2625 1323 2642 .
1376 2626 1388 2640 .
1446 2578 1586 2661 (per
1635 2573 1907 2662 omnem)
1957 2573 2117 2663 (50).
2150 2576 2491 2663 regionem,

482 2710 519 2752 a
551 2687 867 2753 Kalendis
898 2687 1111 2774 Thoyt
1140 2710 1254 2775 per
1300 2688 1436 2753 dies
1487 2687 1788 2775 quinque,
1831 2689 1900 2752 in
1950 2687 2187 2774 quibus
2241 2711 2495 2776 quoque

481 2822 744 2866 coronas
797 2800 1147 2888 gestabunt
1198 2805 1578 2887 peragentes
1611 2799 1923 2866 sacrificia
1954 2807 2019 2866 et
2048 2800 2299 2886 reliqua
2330 2823 2494 2886 quae

479 2913 690 2978 curari
750 2914 849 2978 fas
932 2920 1068 2994 est3
1144 2912 1414 2978 recitare
1491 2919 1707 2978 autem
1755 2962 1770 2979 .
1821 2963 1835 2977 .
1889 2964 1901 2977 .
1958 2965 1970 2979 .
2023 2934 2250 2978 nomen
2332 2912 2494 3002 (51).

479 3026 675 3090 etiam
706 3027 835 3091 Dei
865 3026 1237 3110 Epiphania*
1272 3024 1560 3091 munifici
1592 3025 1968 3106 sacerdotes,
2003 3032 2256 3112 praeter
2284 3033 2495 3091 cetera

480 3138 738 3203 nomina
770 3136 1046 3217 deorum,
1076 3159 1346 3223 quorum
1378 3137 1805 3203 sacerdotium
1836 3138 2091 3219 obeunt,
2126 3144 2187 3203 et
2221 3137 2495 3204 inserere

479 3250 548 3316 in
574 3249 789 3316 omnia
810 3243 1062 3315 decreta
1089 3256 1155 3314 et
1184 3248 1253 3313 in
1288 3300 1634 3317 ......
1676 3248 1830 3337 (52).
1858 3250 2283 3315 sacerdotium
2314 3250 2455 3316 eius
2479 3277 2494 3332 3

478 3363 666 3428 licere
702 3384 852 3427 vero
902 3362 1096 3427 etiam
1146 3361 1292 3427 aliis
1330 3361 1608 3447 priuatis
1653 3383 1840 3448 agere
1872 3362 2149 3444 festu1n3
2198 3369 2263 3428 et
2309 3385 2496 3449 prae-

480 3476 714 3540 dictam
777 3474 1129 3539 aediculam
1188 3474 1439 3561 exponi,
1505 3480 1570 3539 et
1628 3472 1865 3539 habere
1928 3474 2099 3561 apud
2158 3497 2224 3540 se
2276 3526 2288 3540 .
2342 3527 2357 3544 .
2409 3528 2421 3542 .
2480 3527 2494 3542 .

483 3590 638 3667 (53).
692 3585 1086 3672 quotannis3
1154 3592 1224 3649 vt
1283 3585 1696 3651 manifestum
1756 3586 1889 3667 fiat,
1951 3587 2121 3673 quod
2180 3586 2486 3674 Aegyptii

481 3697 879 3781 amplificant
922 3704 986 3759 et
1041 3696 1359 3760 honorant
1414 3699 1624 3760 Deum
1671 3699 2089 3782 Epiphauem
2119 3699 2493 3764 munificum
