2900 4284
1204 1136 1622 1202 CHAPTER
1682 1137 1774 1203 II.

481 1304 742 1365 LATIN
802 1305 983 1365 AND
1030 1305 1392 1366 FRENOH
1439 1305 2093 1366 TRANSLATIONS
2152 1304 2263 1365 OF
2309 1303 2488 1362 THE

579 1421 1255 1483 HIEROGLYPHIO
1314 1422 1544 1481 TEXT
1602 1421 1713 1483 OF
1763 1420 1943 1480 THE
2001 1420 2389 1483 ROSETTA

1330 1535 1633 1598 STONE.

790 1700 1325 1766 I.—BRUGscn’s
1369 1700 1594 1766 LATm
1638 1699 2168 1766 TRANSLATION.¹

521 1855 560 1917 2
653 1852 959 1917 sanctitas
991 1874 1107 1917 sua
1137 1852 1313 1940 regia
1344 1852 1413 1917 in
1447 1851 1697 1917 duobus
1721 1851 1979 1916 mundis
2006 1850 2135 1939 (i.e.
2160 1850 2485 1939 Aegypto)

651 1964 893 2050 pariter
951 1986 989 2029 a
1049 1964 1344 2030 vestibus
1395 1963 1679 2050 byssinis
1742 1963 1912 2028 datis
1971 1964 2139 2051 regis
2201 1963 2385 2028 domo
2446 1987 2485 2027 a

651 2076 906 2163 templis
955 2127 1507 2144 .........
1555 2075 1711 2158 dies,
1746 2081 1811 2141 et
1856 2077 2250 2142 constitutae
2282 2076 2481 2141 vestis

646 2188 782 2254 illis
830 2240 1236 2257 .......

519 2303 558 2365 3
653 2350 999 2368 ......
1052 2301 1355 2367 sacellum
1424 2301 1663 2366 domini
1731 2300 2203 2388 gubernatoris.
2294 2301 2482 2366 Prae-

648 2420 824 2478 terea
855 2414 1083 2479 dandis
1114 2414 1196 2478 iis
1244 2464 1525 2481 .....
1576 2413 1699 2479 Cor
1744 2414 1885 2501 ejus
1914 2413 2041 2478 ivit
2085 2436 2199 2500 pro
2244 2414 2486 2479 sanctis

650 2524 842 2591 rebus
889 2548 1108 2591 eorum
1154 2548 1267 2613 per
1310 2549 1494 2591 omne
1540 2531 1813 2611 tempuS,
1848 2525 2027 2590 dedit
2072 2525 2286 2590 omnia
2333 2525 2485 2607 alia,

651 2636 886 2724 quibus
917 2637 1295 2724 indigebant
1331 2639 1406 2718 (?)
1442 2637 1522 2702 ad
1569 2637 1923 2703 condienda
1952 2661 2215 2724 corpora
2244 2660 2479 2718 eorum,

647 2772 883 2836 magna
915 2754 980 2814 et
1023 2749 1387 2837 magnifica,
1422 2750 1601 2815 dedit
1651 2750 1915 2815 divitias
1962 2750 2099 2814 illis
2153 2755 2217 2815 et
2266 2749 2482 2814 domos

648 2861 902 2927 divinas
951 2912 1238 2930 .....

517 2974 559 3037 4
651 3024 996 3042 ......
1045 2981 1385 3061 argentum
1434 2974 1830 3040 frumentum
1877 2973 2102 3054 multa,
2155 2980 2220 3039 et
2269 2973 2483 3038 omnia

647 3085 779 3150 alia
854 3086 1203 3151 secundum
1280 3086 1764 3151 multitudinem
1825 3108 2038 3151 eorum
2113 3108 2226 3172 pro
2301 3085 2481 3150 domo

649 3197 1032 3263 nutrimenti
1066 3197 1195 3286 (i.e.
1229 3197 1481 3279 horreo)
1515 3197 1747 3286 Apidis
1777 3197 2056 3262 viventis
2088 3203 2153 3262 et
2182 3197 2353 3263 facta
2383 3205 2483 3263 est

650 3308 933 3397 (domus)
967 3309 1305 3396 splendida
1347 3333 1461 3397 per
1508 3311 1916 3376 sanctitatem
1970 3330 2150 3373 suam
2197 3315 2485 3374 exstruc-

646 3422 820 3486 tione
877 3421 1363 3511 (aedificiorum)
1421 3423 1710 3488 confecta
1766 3422 1835 3486 in
1890 3420 2371 3508 pulchritudine
2418 3429 2483 3487 et

560 3596 563 3599 .
646 3533 936 3599 bonitate
971 3533 1088 3598 illa
1120 3533 1246 3622 (et)
1280 3534 1712 3600 velaminibus
1742 3533 2082 3621 pretiosis;
2113 3532 2267 3598 fecit
2295 3532 2481 3598 illus-

951 3704 963 3741 ¹
1009 3707 1282 3769 Inscriptio
1307 3709 1601 3767 Rosetta‘na,
1626 3707 1831 3768 Berlin,
1858 3707 2007 3756 1851.
