<?xml version="1.0" encoding="UTF-8"?>
<!DOCTYPE html PUBLIC "-//W3C//DTD XHTML 1.0 Transitional//EN"
    "http://www.w3.org/TR/xhtml1/DTD/xhtml1-transitional.dtd">
<html xmlns="http://www.w3.org/1999/xhtml" xml:lang="en" lang="en">
 <head>
  <title>
</title>
<meta http-equiv="Content-Type" content="text/html;charset=utf-8" />
  <meta name='ocr-system' content='tesseract 3.04.00' />
  <meta name='ocr-capabilities' content='ocr_page ocr_carea ocr_par ocr_line ocrx_word'/>
</head>
<body>
  <div class='ocr_page' id='page_1' title='image "./decreesmemphisa01budggoog_0119.png"; bbox 0 0 2900 4284; ppageno 0'>
   <div class='ocr_carea' id='block_1_1' title="bbox 1066 393 2410 462">
    <p class='ocr_par' dir='ltr' id='par_1_1' title="bbox 1066 393 2410 462">
     <span class='ocr_line' id='line_1_1' title="bbox 1066 393 2410 462; baseline 0.001 -20"><span class='ocrx_word' id='word_1_1' title='bbox 1066 393 1218 442; x_wconf 89' lang='lat' dir='ltr'>THE</span> <span class='ocrx_word' id='word_1_2' title='bbox 1270 394 1519 442; x_wconf 89' lang='lat' dir='ltr'><strong>GREEK</strong></span> <span class='ocrx_word' id='word_1_3' title='bbox 1565 395 1756 443; x_wconf 87' lang='lat' dir='ltr'><strong>TEXT</strong></span> <span class='ocrx_word' id='word_1_4' title='bbox 2288 398 2410 462; x_wconf 89' lang='lat'>107</span> 
     </span>
    </p>
   </div>
   <div class='ocr_carea' id='block_1_2' title="bbox 593 554 2410 653">
    <p class='ocr_par' dir='ltr' id='par_1_2' title="bbox 593 554 2410 653">
     <span class='ocr_line' id='line_1_2' title="bbox 593 554 2410 653; baseline 0.001 -25"><span class='ocrx_word' id='word_1_5' title='bbox 593 554 766 629; x_wconf 88' lang='grc' dir='ltr'>ὅντα</span> <span class='ocrx_word' id='word_1_6' title='bbox 812 555 1072 641; x_wconf 82' lang='grc' dir='ltr'>πολλὰ,</span> <span class='ocrx_word' id='word_1_7' title='bbox 1111 557 1207 653; x_wconf 74' lang='grc' dir='ltr'>τῷ</span> <span class='ocrx_word' id='word_1_8' title='bbox 1275 556 1537 652; x_wconf 85' lang='grc' dir='ltr'>πλήθει</span> <span class='ocrx_word' id='word_1_9' title='bbox 1600 556 1895 653; x_wconf 81' lang='grc' dir='ltr'>ἀφῆκεν,</span> <span class='ocrx_word' id='word_1_10' title='bbox 1954 556 2073 630; x_wconf 78' lang='grc' dir='ltr'>καὶ</span> <span class='ocrx_word' id='word_1_11' title='bbox 2123 556 2288 636; x_wconf 82' lang='grc' dir='ltr'>τοὺς</span> <span class='ocrx_word' id='word_1_12' title='bbox 2337 560 2410 630; x_wconf 87' lang='grc' dir='ltr'>ἐν</span> 
     </span>
    </p>
   </div>
   <div class='ocr_carea' id='block_1_3' title="bbox 591 681 1138 778">
    <p class='ocr_par' dir='ltr' id='par_1_3' title="bbox 591 681 1138 778">
     <span class='ocr_line' id='line_1_3' title="bbox 591 681 1138 778; baseline 0.009 -23"><span class='ocrx_word' id='word_1_13' title='bbox 591 681 745 760; x_wconf 79' lang='grc' dir='ltr'>ταῖς</span> <span class='ocrx_word' id='word_1_14' title='bbox 780 684 1138 778; x_wconf 79' lang='grc' dir='ltr'>φυλακαῖς</span> 
     </span>
    </p>
   </div>
   <div class='ocr_carea' id='block_1_4' title="bbox 394 848 2406 1323">
    <p class='ocr_par' dir='ltr' id='par_1_4' title="bbox 394 848 2406 1323">
     <span class='ocr_line' id='line_1_4' title="bbox 394 848 2402 949; baseline 0.002 -29"><span class='ocrx_word' id='word_1_15' title='bbox 394 850 487 920; x_wconf 90' lang='grc'>14</span> <span class='ocrx_word' id='word_1_16' title='bbox 592 848 1075 949; x_wconf 79' lang='grc' dir='ltr'>ἀπηγμένους,</span> <span class='ocrx_word' id='word_1_17' title='bbox 1116 850 1235 925; x_wconf 83' lang='grc' dir='ltr'>καὶ</span> <span class='ocrx_word' id='word_1_18' title='bbox 1271 851 1433 930; x_wconf 82' lang='grc' dir='ltr'>τοὺς</span> <span class='ocrx_word' id='word_1_19' title='bbox 1471 853 1545 924; x_wconf 84' lang='grc' dir='ltr'>ἐν</span> <span class='ocrx_word' id='word_1_20' title='bbox 1579 851 1837 931; x_wconf 78' lang='grc' dir='ltr'>αἰτίαις</span> <span class='ocrx_word' id='word_1_21' title='bbox 1873 849 2079 930; x_wconf 83' lang='grc' dir='ltr'>ὄντας</span> <span class='ocrx_word' id='word_1_22' title='bbox 2113 851 2194 924; x_wconf 82' lang='grc' dir='ltr'>ἐκ</span> <span class='ocrx_word' id='word_1_23' title='bbox 2226 856 2402 926; x_wconf 88' lang='grc' dir='ltr'>πολ-</span> 
     </span>
     <span class='ocr_line' id='line_1_5' title="bbox 592 977 2403 1075; baseline 0.002 -27"><span class='ocrx_word' id='word_1_24' title='bbox 592 977 726 1050; x_wconf 81' lang='grc' dir='ltr'>λοῦ</span> <span class='ocrx_word' id='word_1_25' title='bbox 749 978 1044 1075; x_wconf 83' lang='grc' dir='ltr'>χρόνου,</span> <span class='ocrx_word' id='word_1_26' title='bbox 1077 977 1408 1051; x_wconf 81' lang='grc' dir='ltr'>ἀπέλυσε</span> <span class='ocrx_word' id='word_1_27' title='bbox 1442 978 1580 1051; x_wconf 80' lang='grc' dir='ltr'>τῶν</span> <span class='ocrx_word' id='word_1_28' title='bbox 1609 977 2157 1072; x_wconf 83' lang='grc' dir='ltr'>ἐνκεκλημένων·</span> <span class='ocrx_word' id='word_1_29' title='bbox 2197 1008 2403 1073; x_wconf 89' lang='grc' dir='ltr'>προς-</span> 
     </span>
     <span class='ocr_line' id='line_1_6' title="bbox 588 1099 2406 1203; baseline 0.001 -28"><span class='ocrx_word' id='word_1_30' title='bbox 588 1099 792 1191; x_wconf 89' lang='grc' dir='ltr'>έταξε</span> <span class='ocrx_word' id='word_1_31' title='bbox 827 1100 906 1176; x_wconf 81' lang='grc' dir='ltr'>δὲ</span> <span class='ocrx_word' id='word_1_32' title='bbox 943 1102 1064 1175; x_wconf 85' lang='grc' dir='ltr'>καὶ</span> <span class='ocrx_word' id='word_1_33' title='bbox 1098 1102 1223 1181; x_wconf 81' lang='grc' dir='ltr'>τὰς</span> <span class='ocrx_word' id='word_1_34' title='bbox 1256 1101 1674 1203; x_wconf 83' lang='grc' dir='ltr'>προσόδους</span> <span class='ocrx_word' id='word_1_35' title='bbox 1708 1104 1848 1176; x_wconf 84' lang='grc' dir='ltr'>τῶν</span> <span class='ocrx_word' id='word_1_36' title='bbox 1877 1101 2101 1201; x_wconf 76' lang='grc' dir='ltr'>ἱερῶν,</span> <span class='ocrx_word' id='word_1_37' title='bbox 2135 1101 2406 1183; x_wconf 79' lang='grc' dir='ltr'>καὶτὰς</span> 
     </span>
     <span class='ocr_line' id='line_1_7' title="bbox 590 1224 2400 1323; baseline 0.003 -23"><span class='ocrx_word' id='word_1_38' title='bbox 590 1224 964 1323; x_wconf 80' lang='grc' dir='ltr'>διδομένας</span> <span class='ocrx_word' id='word_1_39' title='bbox 1017 1226 1115 1307; x_wconf 79' lang='grc' dir='ltr'>εἷς</span> <span class='ocrx_word' id='word_1_40' title='bbox 1177 1227 1357 1302; x_wconf 80' lang='grc' dir='ltr'>αὐτὰ</span> <span class='ocrx_word' id='word_1_41' title='bbox 1418 1227 1572 1304; x_wconf 84' lang='grc' dir='ltr'>κατ’</span> <span class='ocrx_word' id='word_1_42' title='bbox 1630 1229 1952 1303; x_wconf 80' lang='grc' dir='ltr'>ἐνιαυτὸν</span> <span class='ocrx_word' id='word_1_43' title='bbox 2007 1226 2400 1318; x_wconf 80' lang='grc' dir='ltr'>συντάξεις,</span> 
     </span>
    </p>
   </div>
   <div class='ocr_carea' id='block_1_5' title="bbox 591 1384 775 1428">
    <p class='ocr_par' dir='ltr' id='par_1_5' title="bbox 591 1384 775 1428">
     <span class='ocr_line' id='line_1_8' title="bbox 591 1384 775 1428; baseline -0.005 0"><span class='ocrx_word' id='word_1_44' title='bbox 591 1384 775 1428; x_wconf 73' lang='lat' dir='ltr'>tnu-</span> 
     </span>
    </p>
   </div>
   <div class='ocr_carea' id='block_1_6' title="bbox 391 1519 2404 1623">
    <p class='ocr_par' dir='ltr' id='par_1_6' title="bbox 391 1519 2404 1623">
     <span class='ocr_line' id='line_1_9' title="bbox 391 1519 2404 1623; baseline 0 -30"><span class='ocrx_word' id='word_1_45' title='bbox 391 1525 479 1594; x_wconf 88' lang='grc'>15</span> <span class='ocrx_word' id='word_1_46' title='bbox 590 1521 742 1609; x_wconf 78' lang='grc' dir='ltr'>κάς,</span> <span class='ocrx_word' id='word_1_47' title='bbox 790 1552 864 1596; x_wconf 85' lang='grc' dir='ltr'>τε</span> <span class='ocrx_word' id='word_1_48' title='bbox 936 1522 1056 1596; x_wconf 84' lang='grc' dir='ltr'>καὶ</span> <span class='ocrx_word' id='word_1_49' title='bbox 1125 1523 1547 1623; x_wconf 79' lang='grc' dir='ltr'>ἀργυρικάς,</span> <span class='ocrx_word' id='word_1_50' title='bbox 1621 1521 1882 1619; x_wconf 82' lang='grc' dir='ltr'>ὁμοίως</span> <span class='ocrx_word' id='word_1_51' title='bbox 1953 1519 2031 1595; x_wconf 81' lang='grc' dir='ltr'>δὲ</span> <span class='ocrx_word' id='word_1_52' title='bbox 2089 1520 2210 1595; x_wconf 85' lang='grc' dir='ltr'>καὶ</span> <span class='ocrx_word' id='word_1_53' title='bbox 2278 1521 2404 1602; x_wconf 82' lang='grc' dir='ltr'>τὰς</span> 
     </span>
    </p>
   </div>
   <div class='ocr_carea' id='block_1_7' title="bbox 585 1647 2404 1996">
    <p class='ocr_par' dir='ltr' id='par_1_7' title="bbox 585 1647 2404 1996">
     <span class='ocr_line' id='line_1_10' title="bbox 590 1647 2403 1746; baseline -0.001 -24"><span class='ocrx_word' id='word_1_54' title='bbox 590 1647 1059 1745; x_wconf 88' lang='grc' dir='ltr'>καθηκούσας</span> <span class='ocrx_word' id='word_1_55' title='bbox 1096 1649 1503 1746; x_wconf 80' lang='grc' dir='ltr'>ἀπομοίρας</span> <span class='ocrx_word' id='word_1_56' title='bbox 1537 1648 1686 1727; x_wconf 82' lang='grc' dir='ltr'>τοῖς</span> <span class='ocrx_word' id='word_1_57' title='bbox 1735 1647 1943 1737; x_wconf 77' lang='grc' dir='ltr'>θεοῖς,</span> <span class='ocrx_word' id='word_1_58' title='bbox 1987 1648 2131 1722; x_wconf 83' lang='grc' dir='ltr'>ἀπὸ</span> <span class='ocrx_word' id='word_1_59' title='bbox 2168 1677 2243 1720; x_wconf 89' lang='grc' dir='ltr'>τε</span> <span class='ocrx_word' id='word_1_60' title='bbox 2276 1650 2403 1743; x_wconf 83' lang='grc' dir='ltr'>τῆς</span> 
     </span>
     <span class='ocr_line' id='line_1_11' title="bbox 586 1770 2404 1873; baseline 0.001 -28"><span class='ocrx_word' id='word_1_61' title='bbox 586 1771 1046 1869; x_wconf 81' lang='grc' dir='ltr'>ἀμπελίτιδος</span> <span class='ocrx_word' id='word_1_62' title='bbox 1103 1776 1260 1873; x_wconf 85' lang='grc' dir='ltr'>γῆς,</span> <span class='ocrx_word' id='word_1_63' title='bbox 1329 1772 1452 1847; x_wconf 84' lang='grc' dir='ltr'>καὶ</span> <span class='ocrx_word' id='word_1_64' title='bbox 1519 1777 1659 1848; x_wconf 82' lang='grc' dir='ltr'>τῶν</span> <span class='ocrx_word' id='word_1_65' title='bbox 1726 1770 2212 1871; x_wconf 81' lang='grc' dir='ltr'>παραδείσων,</span> <span class='ocrx_word' id='word_1_66' title='bbox 2281 1771 2404 1846; x_wconf 85' lang='grc' dir='ltr'>καὶ</span> 
     </span>
     <span class='ocr_line' id='line_1_12' title="bbox 585 1895 2404 1996; baseline -0.001 -23"><span class='ocrx_word' id='word_1_67' title='bbox 585 1901 723 1973; x_wconf 80' lang='grc' dir='ltr'>τῶν</span> <span class='ocrx_word' id='word_1_68' title='bbox 782 1895 1021 1972; x_wconf 81' lang='grc' dir='ltr'>ἄλλων</span> <span class='ocrx_word' id='word_1_69' title='bbox 1083 1901 1223 1973; x_wconf 85' lang='grc' dir='ltr'>τῶν</span> <span class='ocrx_word' id='word_1_70' title='bbox 1290 1897 1761 1996; x_wconf 79' lang='grc' dir='ltr'>ὑπαρξάντων</span> <span class='ocrx_word' id='word_1_71' title='bbox 1809 1899 1955 1978; x_wconf 82' lang='grc' dir='ltr'>τοῖς</span> <span class='ocrx_word' id='word_1_72' title='bbox 2019 1898 2222 1987; x_wconf 81' lang='grc' dir='ltr'>θεοῖς,</span> <span class='ocrx_word' id='word_1_73' title='bbox 2287 1897 2404 1972; x_wconf 87' lang='grc' dir='ltr'>ἐπὶ</span> 
     </span>
    </p>
   </div>
   <div class='ocr_carea' id='block_1_8' title="bbox 584 2025 1289 2123">
    <p class='ocr_par' dir='ltr' id='par_1_8' title="bbox 584 2025 1289 2123">
     <span class='ocr_line' id='line_1_13' title="bbox 584 2025 1289 2123; baseline 0 -25"><span class='ocrx_word' id='word_1_74' title='bbox 584 2026 710 2098; x_wconf 81' lang='grc' dir='ltr'>τοῦ</span> <span class='ocrx_word' id='word_1_75' title='bbox 743 2027 1013 2123; x_wconf 82' lang='grc' dir='ltr'>πατρὸς</span> <span class='ocrx_word' id='word_1_76' title='bbox 1046 2025 1289 2114; x_wconf 80' lang='grc' dir='ltr'>αὐτοῦ,</span> 
     </span>
    </p>
   </div>
   <div class='ocr_carea' id='block_1_9' title="bbox 386 2198 2422 3481">
    <p class='ocr_par' dir='ltr' id='par_1_9' title="bbox 390 2198 2422 2785">
     <span class='ocr_line' id='line_1_14' title="bbox 390 2198 2402 2301; baseline -0 -27"><span class='ocrx_word' id='word_1_77' title='bbox 390 2205 478 2274; x_wconf 87' lang='grc'>16</span> <span class='ocrx_word' id='word_1_78' title='bbox 581 2203 817 2297; x_wconf 87' lang='grc' dir='ltr'>μένειν</span> <span class='ocrx_word' id='word_1_79' title='bbox 876 2199 992 2276; x_wconf 82' lang='grc' dir='ltr'>ἐπὶ</span> <span class='ocrx_word' id='word_1_80' title='bbox 1051 2203 1313 2301; x_wconf 82' lang='grc' dir='ltr'>χώρας“</span> <span class='ocrx_word' id='word_1_81' title='bbox 1388 2199 1842 2301; x_wconf 80' lang='grc' dir='ltr'>προσέταξεν</span> <span class='ocrx_word' id='word_1_82' title='bbox 1905 2198 1981 2274; x_wconf 82' lang='grc' dir='ltr'>δὲ</span> <span class='ocrx_word' id='word_1_83' title='bbox 2046 2200 2169 2274; x_wconf 87' lang='grc' dir='ltr'>καὶ</span> <span class='ocrx_word' id='word_1_84' title='bbox 2235 2200 2402 2299; x_wconf 84' lang='grc' dir='ltr'>περὶ</span> 
     </span>
     <span class='ocr_line' id='line_1_15' title="bbox 582 2323 2422 2427; baseline -0.001 -26"><span class='ocrx_word' id='word_1_85' title='bbox 582 2329 719 2401; x_wconf 82' lang='grc' dir='ltr'>τῶν</span> <span class='ocrx_word' id='word_1_86' title='bbox 776 2326 1039 2427; x_wconf 78' lang='grc' dir='ltr'>ἱερέων,</span> <span class='ocrx_word' id='word_1_87' title='bbox 1104 2327 1294 2406; x_wconf 86' lang='grc' dir='ltr'>ὅπως</span> <span class='ocrx_word' id='word_1_88' title='bbox 1361 2328 1589 2424; x_wconf 82' lang='grc' dir='ltr'>μηθὲν</span> <span class='ocrx_word' id='word_1_89' title='bbox 1640 2327 1886 2401; x_wconf 79' lang='grc' dir='ltr'>πλεῖον</span> <span class='ocrx_word' id='word_1_90' title='bbox 1947 2323 2251 2401; x_wconf 84' lang='grc' dir='ltr'>διδῶσιν</span> <span class='ocrx_word' id='word_1_91' title='bbox 2302 2327 2422 2407; x_wconf 83' lang='grc' dir='ltr'>εἷς·</span> 
     </span>
     <span class='ocr_line' id='line_1_16' title="bbox 581 2451 2401 2548; baseline 0 -22"><span class='ocrx_word' id='word_1_92' title='bbox 581 2454 664 2527; x_wconf 84' lang='grc' dir='ltr'>τὸ</span> <span class='ocrx_word' id='word_1_93' title='bbox 700 2455 1136 2537; x_wconf 83' lang='grc' dir='ltr'>τελεστικὸν,</span> <span class='ocrx_word' id='word_1_94' title='bbox 1177 2452 1262 2526; x_wconf 78' lang='grc' dir='ltr'>οὗ</span> <span class='ocrx_word' id='word_1_95' title='bbox 1298 2453 1718 2528; x_wconf 86' lang='grc' dir='ltr'>ἐτάσσοντα</span> <span class='ocrx_word' id='word_1_96' title='bbox 1759 2451 1886 2532; x_wconf 83' lang='grc' dir='ltr'>ἕως</span> <span class='ocrx_word' id='word_1_97' title='bbox 1936 2453 2063 2525; x_wconf 85' lang='grc' dir='ltr'>τοῦ</span> <span class='ocrx_word' id='word_1_98' title='bbox 2111 2454 2401 2548; x_wconf 85' lang='grc' dir='ltr'>πρώτου</span> 
     </span>
     <span class='ocr_line' id='line_1_17' title="bbox 582 2574 2400 2679; baseline -0.001 -27"><span class='ocrx_word' id='word_1_99' title='bbox 582 2577 803 2668; x_wconf 83' lang='grc' dir='ltr'>ἔτους,</span> <span class='ocrx_word' id='word_1_100' title='bbox 842 2577 958 2654; x_wconf 80' lang='grc' dir='ltr'>ἐπὶ</span> <span class='ocrx_word' id='word_1_101' title='bbox 991 2581 1120 2653; x_wconf 83' lang='grc' dir='ltr'>τοῦ</span> <span class='ocrx_word' id='word_1_102' title='bbox 1161 2581 1433 2679; x_wconf 85' lang='grc' dir='ltr'>πατρὸς</span> <span class='ocrx_word' id='word_1_103' title='bbox 1481 2580 1719 2653; x_wconf 82' lang='grc' dir='ltr'>αὐτοῦ’</span> <span class='ocrx_word' id='word_1_104' title='bbox 1762 2580 2127 2654; x_wconf 81' lang='grc' dir='ltr'>ἀπέλυσεν</span> <span class='ocrx_word' id='word_1_105' title='bbox 2163 2574 2240 2651; x_wconf 83' lang='grc' dir='ltr'>δὲ</span> <span class='ocrx_word' id='word_1_106' title='bbox 2279 2577 2400 2651; x_wconf 85' lang='grc' dir='ltr'>καὶ</span> 
     </span>
     <span class='ocr_line' id='line_1_18' title="bbox 583 2705 1036 2785; baseline -0.004 -6"><span class='ocrx_word' id='word_1_107' title='bbox 583 2705 747 2785; x_wconf 85' lang='grc' dir='ltr'>τοὺς</span> <span class='ocrx_word' id='word_1_108' title='bbox 784 2707 864 2778; x_wconf 87' lang='grc' dir='ltr'>ἐκ</span> <span class='ocrx_word' id='word_1_109' title='bbox 898 2707 1036 2778; x_wconf 79' lang='grc' dir='ltr'>τῶν</span> 
     </span>
    </p>

    <p class='ocr_par' dir='ltr' id='par_1_10' title="bbox 386 2878 2396 3481">
     <span class='ocr_line' id='line_1_19' title="bbox 386 2878 2391 2980; baseline -0.001 -26"><span class='ocrx_word' id='word_1_110' title='bbox 386 2884 475 2958; x_wconf 80' lang='grc'>17</span> <span class='ocrx_word' id='word_1_111' title='bbox 586 2881 790 2980; x_wconf 76' lang='grc' dir='ltr'>ἱερῶν</span> <span class='ocrx_word' id='word_1_112' title='bbox 856 2881 1105 2955; x_wconf 70' lang='grc' dir='ltr'>ἐθνῶν</span> <span class='ocrx_word' id='word_1_113' title='bbox 1143 2881 1269 2955; x_wconf 83' lang='grc' dir='ltr'>τοῦ</span> <span class='ocrx_word' id='word_1_114' title='bbox 1339 2878 1492 2954; x_wconf 87' lang='grc' dir='ltr'>κατ’</span> <span class='ocrx_word' id='word_1_115' title='bbox 1555 2881 1875 2954; x_wconf 84' lang='grc' dir='ltr'>ἐνιαυτὸν</span> <span class='ocrx_word' id='word_1_116' title='bbox 1913 2881 2009 2959; x_wconf 81' lang='grc' dir='ltr'>εἷς</span> <span class='ocrx_word' id='word_1_117' title='bbox 2073 2878 2391 2969; x_wconf 81' lang='grc' dir='ltr'>Ἀλεξάν-</span> 
     </span>
     <span class='ocr_line' id='line_1_20' title="bbox 582 3003 2391 3105; baseline -0.001 -25"><span class='ocrx_word' id='word_1_118' title='bbox 582 3005 823 3105; x_wconf 81' lang='grc' dir='ltr'>δρειαν</span> <span class='ocrx_word' id='word_1_119' title='bbox 859 3006 1250 3081; x_wconf 83' lang='grc' dir='ltr'>κατάπλου·</span> <span class='ocrx_word' id='word_1_120' title='bbox 1292 3003 1746 3104; x_wconf 81' lang='grc' dir='ltr'>προσεταξεν</span> <span class='ocrx_word' id='word_1_121' title='bbox 1776 3003 1855 3079; x_wconf 84' lang='grc' dir='ltr'>δὲ</span> <span class='ocrx_word' id='word_1_122' title='bbox 1891 3004 2014 3080; x_wconf 86' lang='grc' dir='ltr'>καὶ</span> <span class='ocrx_word' id='word_1_123' title='bbox 2047 3005 2178 3101; x_wconf 84' lang='grc' dir='ltr'>τὴν</span> <span class='ocrx_word' id='word_1_124' title='bbox 2212 3009 2391 3081; x_wconf 85' lang='grc' dir='ltr'>σύλ-</span> 
     </span>
     <span class='ocr_line' id='line_1_21' title="bbox 580 3130 2396 3228; baseline 0.001 -23"><span class='ocrx_word' id='word_1_125' title='bbox 580 3136 799 3228; x_wconf 82' lang='grc' dir='ltr'>ληψιν</span> <span class='ocrx_word' id='word_1_126' title='bbox 832 3134 969 3207; x_wconf 84' lang='grc' dir='ltr'>τῶν</span> <span class='ocrx_word' id='word_1_127' title='bbox 1006 3132 1101 3212; x_wconf 82' lang='grc' dir='ltr'>εἷς</span> <span class='ocrx_word' id='word_1_128' title='bbox 1148 3132 1280 3227; x_wconf 89' lang='grc' dir='ltr'>τὴν</span> <span class='ocrx_word' id='word_1_129' title='bbox 1326 3133 1654 3206; x_wconf 91' lang='grc' dir='ltr'>ναυτείαν</span> <span class='ocrx_word' id='word_1_130' title='bbox 1687 3130 1789 3228; x_wconf 86' lang='grc' dir='ltr'>μὴ</span> <span class='ocrx_word' id='word_1_131' title='bbox 1827 3132 2218 3206; x_wconf 81' lang='grc' dir='ltr'>ποιεῖσθαι·</span> <span class='ocrx_word' id='word_1_132' title='bbox 2257 3136 2396 3206; x_wconf 82' lang='grc' dir='ltr'>τῶν</span> 
     </span>
     <span class='ocr_line' id='line_1_22' title="bbox 578 3256 2395 3353; baseline 0 -20"><span class='ocrx_word' id='word_1_133' title='bbox 578 3256 639 3333; x_wconf 88' lang='grc' dir='ltr'>τ’</span> <span class='ocrx_word' id='word_1_134' title='bbox 703 3259 800 3338; x_wconf 79' lang='grc' dir='ltr'>εἷς</span> <span class='ocrx_word' id='word_1_135' title='bbox 867 3260 949 3332; x_wconf 84' lang='grc' dir='ltr'>τὸ</span> <span class='ocrx_word' id='word_1_136' title='bbox 1010 3258 1414 3350; x_wconf 85' lang='grc' dir='ltr'>βασιλικὸν</span> <span class='ocrx_word' id='word_1_137' title='bbox 1472 3259 2052 3353; x_wconf 85' lang='grc' dir='ltr'>συντελουμένων</span> <span class='ocrx_word' id='word_1_138' title='bbox 2114 3258 2188 3332; x_wconf 83' lang='grc' dir='ltr'>ἐν</span> <span class='ocrx_word' id='word_1_139' title='bbox 2245 3259 2395 3339; x_wconf 81' lang='grc' dir='ltr'>τοῖς</span> 
     </span>
     <span class='ocr_line' id='line_1_23' title="bbox 583 3383 1218 3481; baseline 0.002 -25"><span class='ocrx_word' id='word_1_140' title='bbox 583 3383 797 3481; x_wconf 77' lang='grc' dir='ltr'>ἱεροῖς</span> <span class='ocrx_word' id='word_1_141' title='bbox 829 3383 1218 3475; x_wconf 84' lang='grc' dir='ltr'>βυσσίνων</span> 
     </span>
    </p>
   </div>
   <div class='ocr_carea' id='block_1_10' title="bbox 383 3557 2392 3660">
    <p class='ocr_par' dir='ltr' id='par_1_11' title="bbox 383 3557 2392 3660">
     <span class='ocr_line' id='line_1_24' title="bbox 383 3557 2392 3660; baseline 0 -27"><span class='ocrx_word' id='word_1_142' title='bbox 383 3564 473 3634; x_wconf 88' lang='grc'>18</span> <span class='ocrx_word' id='word_1_143' title='bbox 581 3559 877 3635; x_wconf 86' lang='grc' dir='ltr'>ὀθονίων</span> <span class='ocrx_word' id='word_1_144' title='bbox 899 3561 1270 3635; x_wconf 82' lang='grc' dir='ltr'>ἀπέλυσεν</span> <span class='ocrx_word' id='word_1_145' title='bbox 1296 3558 1386 3633; x_wconf 79' lang='grc' dir='ltr'>τὰ</span> <span class='ocrx_word' id='word_1_146' title='bbox 1414 3557 1543 3633; x_wconf 82' lang='grc' dir='ltr'>δύο</span> <span class='ocrx_word' id='word_1_147' title='bbox 1570 3561 1777 3660; x_wconf 85' lang='grc' dir='ltr'>μέρη·</span> <span class='ocrx_word' id='word_1_148' title='bbox 1813 3561 1903 3635; x_wconf 86' lang='grc' dir='ltr'>τά</span> <span class='ocrx_word' id='word_1_149' title='bbox 1928 3592 2002 3635; x_wconf 94' lang='grc' dir='ltr'>τε</span> <span class='ocrx_word' id='word_1_150' title='bbox 2031 3564 2392 3659; x_wconf 85' lang='grc' dir='ltr'>ἐγλελειμ-</span> 
     </span>
    </p>
   </div>
   <div class='ocr_carea' id='block_1_11' title="bbox 577 3686 2386 3786">
    <p class='ocr_par' dir='ltr' id='par_1_12' title="bbox 577 3686 2386 3786">
     <span class='ocr_line' id='line_1_25' title="bbox 577 3686 2386 3786; baseline 0 -26"><span class='ocrx_word' id='word_1_151' title='bbox 577 3689 757 3783; x_wconf 81' lang='grc' dir='ltr'>μένα</span> <span class='ocrx_word' id='word_1_152' title='bbox 810 3686 1042 3762; x_wconf 88' lang='grc' dir='ltr'>πάντα</span> <span class='ocrx_word' id='word_1_153' title='bbox 1094 3688 1168 3761; x_wconf 85' lang='grc' dir='ltr'>ἐν</span> <span class='ocrx_word' id='word_1_154' title='bbox 1203 3688 1349 3766; x_wconf 79' lang='grc' dir='ltr'>τοῖς</span> <span class='ocrx_word' id='word_1_155' title='bbox 1397 3689 1747 3785; x_wconf 89' lang='grc' dir='ltr'>πρότερον</span> <span class='ocrx_word' id='word_1_156' title='bbox 1792 3687 2080 3786; x_wconf 82' lang='grc' dir='ltr'>χρόνοις</span> <span class='ocrx_word' id='word_1_157' title='bbox 2118 3687 2386 3760; x_wconf 81' lang='grc' dir='ltr'>ἀποκα-</span> 
     </span>
    </p>
   </div>
  </div>
 </body>
</html>
