2900 4284
381 1510 473 1580 10

380 2165 464 2236 11

368 3467 455 3540 13

1045 429 1195 474 THE
1244 429 1493 476 GREEK
1542 431 1730 478 TEXT
2272 430 2393 494 105

585 592 1062 688 συναχθέντες
1099 593 1172 665 ἐν
1206 590 1303 688 τῷ
1339 594 1413 666 ἐν
1456 595 1751 690 Μέμφει
1800 592 1984 691 ἱερῷ,
2022 593 2111 691 τῇ
2160 593 2393 693 ἡμέρα

579 718 800 815 ταύτῃ
838 715 1067 790 εἶπαν

580 857 878 955 Ἐπειδὴ
965 860 1325 951 βασιλεὺς
1413 860 1883 954 Πτολεμαῖος,
1984 861 2387 952 αἷωνόβιος,

581 986 1046 1083 ἠγαπημένος
1114 987 1253 1061 ὑπὸ
1322 989 1451 1060 τοῦ
1524 986 1699 1077 Φθόὶ,
1769 986 1927 1065 θεὸς
1991 988 2392 1084 Ἐπιφανὴς

579 1111 1068 1212 Εὐχάριστος,
1110 1116 1148 1188 ὃ
1204 1115 1288 1211 ἐγ
1338 1113 1710 1204 βασιλέως
1756 1115 2218 1210 Πτολεμαίου
2272 1115 2392 1188 καὶ

579 1239 1058 1335 βασιλίσσης
1132 1238 1522 1337 Ἀρσινόης,
1599 1238 1773 1313 θεῶν
1863 1243 2388 1338 Φιλοπατόρων,

581 1364 763 1438 κατὰ
798 1364 1037 1439 πολλὰ
1072 1367 1528 1465 εὐεργέτηκεν
1561 1364 1651 1438 τὰ
1688 1366 1752 1438 θ’
1795 1365 1951 1463 ἱερὰ
1987 1366 2106 1440 καὶ

580 1511 743 1587 τοῦς
780 1510 852 1580 ἐν
890 1508 1126 1588 αὐτοῖς
1162 1507 1389 1594 ὄντας,
1427 1506 1548 1581 καὶ
1583 1509 1748 1588 τοὺς
1784 1508 1930 1582 ὑπὸ.
1963 1508 2093 1604 τὴν
2134 1510 2388 1584 ἑαυτοῦ

575 1632 972 1725 βασιλείαν
1038 1635 1549 1731 τασσομένους
1619 1631 1955 1715 ἅπαντας·
2046 1635 2388 1734 ὑπάρχων

579 1760 735 1840 θεὸς
787 1763 868 1833 ἐκ
922 1761 1087 1835 θεοῦ
1142 1761 1263 1836 καὶ
1318 1761 1503 1848 θεᾶς,
1548 1761 1873 1859 καθάπερ
1895 1758 2147 1861 ’[ιρος,
2187 1763 2225 1834 ὁ
2260 1762 2387 1856 τῆς

571 1882 810 1965 Ἴσιος
847 1885 968 1960 καὶ
1002 1884 1329 1985 Ὀσίριος
1365 1887 1536 1974 υἱός,
1569 1888 1607 1961 ὁ
1644 1889 2004 1983 ἐπαμύνας
2037 1888 2134 1985 τῷ
2171 1887 2388 1986 πατρὶ

575 2014 794 2086 αὐτοῦ
826 2012 1132 2111 Ὀσίρει,
1169 2013 1261 2087 τά
1301 2010 1447 2113 [τε]
1491 2015 1674 2113 πρὸς
1712 2013 1915 2093 θεοὺς

576 2166 1028 2263 εὐεργετικῶς
1092 2162 1554 2261 διακείμενος,
1610 2165 2058 2238 ἀνατέθεικεν
2128 2164 2225 2244 εἷς
2295 2164 2383 2237 τὰ

575 2288 731 2387 ἱερὰ
782 2290 1179 2389 ἀργυρικοίς
1231 2321 1306 2364 τε
1351 2291 1472 2364 καὶ
1531 2290 1910 2386 σιτι[κ]ὰς
1945 2288 2380 2389 προσόδους·

574 2415 693 2489 καὶ
730 2412 1051 2496 δαπάνας
1095 2416 1371 2497 πολλὰς
1419 2417 1976 2513 ὑπομεμένηκεν,
2016 2415 2221 2489 ἕνεκα
2252 2418 2382 2490 τοῦ

569 2544 698 2637 τῆν
732 2540 1099 2641 Αἴγυπτον
1134 2544 1230 2623 εἷς
1266 2541 1506 2617 εὐδίαν
1542 2544 1865 2643 ἀγαγεῖν,
1918 2542 2035 2616 καὶ
2083 2542 2174 2615 τὰ
2228 2540 2383 2641 ἱερὰ

568 2670 1214 2765 καταστήσασθαι,

566 2813 720 2892 ταῖς
798 2843 875 2886 τε
943 2812 1197 2886 ἑαυτοῦ
1268 2810 1663 2910 δυνάμεσιν
1730 2814 2379 2912 πεφιλανθρώπηκε

565 2939 864 3026 πάσαις,
899 2937 1022 3012 καὶ
1058 2940 1200 3012 ἀπὸ
1236 2941 1373 3013 τῶν
1408 2941 1897 3040 ὑπαρχουσῶν
1934 2942 2006 3013 ἐν
2038 2939 2378 3038 Αἰγύπτῳ

565 3062 955 3163 προσόδων
991 3064 1113 3139 καὶ
1148 3067 1603 3166 φορολογιῶν
1637 3065 1830 3144 τινας
1875 3065 2006 3158 μὲν
2041 3065 2138 3144 εἷς
2177 3066 2380 3144 τέλος

564 3192 863 3288 ἀφῆκεν,
903 3189 1128 3270 ἄλλας
1178 3188 1256 3265 δὲ
1304 3194 1746 3291 κεκούφικεν,
1786 3190 1976 3270 ὅπως
2017 3189 2057 3264 ὅ
2090 3221 2167 3265 τε
2202 3193 2378 3271 λαὸς

567 3316 687 3390 καὶ
723 3317 790 3391 οἱ
826 3315 1040 3391 ἄλλοι
1071 3317 1328 3397 πάντες
1363 3320 1437 3392 ἐν

567 3467 858 3567 εὐθηνία
897 3468 1081 3543 ὦσιν
1116 3467 1232 3543 ἐπὶ
1265 3472 1392 3563 τῆς
1427 3469 1681 3543 ἑαυτοῦ
1714 3468 2123 3560 βασιλείας·
2175 3468 2266 3542 τοί
2300 3500 2377 3544 τε

562 3593 928 3680 βασιλικὰ
984 3596 1456 3691 ὀφειλήματα,
1499 3591 1546 3666 ἃ
1601 3597 2114 3693 προσώφειλον
2168 3594 2237 3668 οἱ
2301 3598 2375 3670 ἐν

561 3719 897 3818 Αἰγύπτῳ
938 3720 1057 3793 καὶ
1099 3720 1168 3794 οἱ
1216 3724 1288 3794 ἐν
1322 3722 1409 3818 τῇ
1464 3721 1686 3818 λοιπῇ
1738 3722 2092 3817 βασιλεία
2128 3723 2369 3809 αὐτοῦ,
