2900 4284
434 959 522 1029 19

397 1632 526 1701 ..20

443 2974 535 3045 22

1091 378 1242 422 THE
1293 378 1540 423 GREEK
1586 378 1776 423 TEXT
2320 381 2441 444 109

627 537 897 633 τέστηο
915 569 987 609 εν
1016 537 1112 616 εἷς
1145 536 1276 631 τὴν
1305 536 1777 633 καθήκουσαν
1798 537 2022 627 τάξιν,
2050 539 2443 636 φροντίζων

630 662 820 741 ὅπως
874 662 963 735 τὰ
1024 662 1400 759 εἰθισμένα
1459 666 1891 759 συντελῆται
1943 661 2164 763 τοῖ[ς]
2229 664 2437 751 θεοῖς,

631 788 812 861 κατὰ
850 791 930 862 τὸ

627 960 1030 1055 προσῆκον·
1103 957 1363 1053 ὁμοίως
1424 956 1504 1032 δὲ
1565 957 1686 1032 καὶ
1743 961 1822 1033 τὸ
1878 956 2155 1032 δίκαιον
2211 960 2444 1033 πᾶσιν

632 1084 1025 1178 ἀπένειμεν,
1060 1084 1380 1182 καθάπερ
1402 1083 1677 1182 Ἑρμῆς
1708 1084 1747 1158 ὁ
1783 1084 2010 1181 μέγας
2039 1084 2157 1157 καὶ
2189 1086 2438 1183 μέγας·

630 1206 1160 1309 πρ[ο]σέταξεν
1215 1206 1293 1282 δὲ
1366 1208 1486 1282 καὶ
1553 1210 1718 1290 τοὺς
1788 1209 2445 1309 καταπορευομένος

632 1334 711 1408 ἔκ
786 1366 864 1409 τε
930 1338 1070 1408 τῶν
1146 1335 1504 1434 μαχίμων,
1580 1336 1701 1409 καὶ
1767 1340 1906 1410 τῶν
1975 1335 2236 1424 ἅλλῶν,
2307 1338 2446 1410 τῶν

631 1462 976 1558 ἀλλότρια

623 1630 1178 1727 φρονησάντων,
1269 1635 1343 1706 ἐν
1410 1632 1560 1712 τοῖς
1647 1632 1831 1705 κατὰ
1905 1635 2036 1729 τῆν
2119 1632 2446 1734 ταραχὴν

636 1758 932 1857 καιροῖς,
1008 1756 1482 1838 κατελθόντας
1548 1761 1785 1854 μένειν
1855 1759 1970 1833 ἐπὶ
2045 1762 2181 1833 τῶν
2252 1758 2447 1833 ἰδίων

637 1883 986 1976 κτήσεων·
1044 1883 1448 1981 προενοήθη
1505 1882 1583 1957 δὲ
1631 1885 1752 1958 καὶ
1804 1884 1994 1964 ὅπως
2039 1883 2443 1973 ἐξαποστα-

636 2009 867 2083 λῶσιν
930 2005 1262 2104 δυνάμεις
1326 2008 1615 2084 ἶππικαί
1669 2042 1746 2085 τε
1798 2011 1919 2085 καὶ
1969 2010 2270 2100 πεζικαὶ,
2327 2011 2448 2084 καὶ

638 2136 819 2229 νῆες,
873 2133 988 2207 ἐπὶ
1031 2137 1193 2213 τοῦς
1238 2136 1664 2216 ἐπελθόντας

640 2301 755 2375 ἐπὶ
798 2302 927 2395 τὴν
960 2300 1328 2400 Αἴγυπτον
1372 2303 1556 2376 κατὰ
1590 2334 1666 2376 τε
1718 2303 1847 2399 τὴν
1897 2304 2295 2380 θάλασσαν
2329 2304 2450 2378 καὶ

639 2427 770 2523 τὴν
801 2426 1119 2525 ἤπειρον,
1171 2429 1556 2523 ὑπομείνας
1591 2427 1911 2510 δαπάνας
1948 2430 2339 2531 ἀργυρικάς
2375 2463 2452 2505 τε

641 2553 762 2627 καὶ
800 2553 1087 2634 σιτικᾶς
1135 2557 1483 2652 μεγάλας,
1522 2555 1708 2635 ὅπως
1743 2556 1832 2629 τὰ
1888 2556 1949 2629 θ’
1990 2557 2167 2655 ἱερὰ,
2208 2557 2328 2630 καὶ
2382 2557 2451 2631 οἱ

643 2684 718 2753 ἐν
764 2680 944 2779 αὐτῇ
997 2678 1356 2780 πάντ[ε]ς,
1395 2683 1470 2754 ἐν
1505 2681 1909 2781 ἀσφαλείᾳ.1
1961 2682 2167 2758 ὦσιν·
2224 2714 2452 2781 παρα-

639 2807 919 2902 γινόμε-

645 3005 763 3053 νος
815 2972 890 3047 δὲ
947 2974 1065 3048 καὶ
1118 2976 1213 3054 εἷς
1262 2975 1517 3048 Λύκων
1564 2975 1797 3068 πόλιν,
1837 2975 1966 3071 τὴν
2010 2978 2084 3050 ἐν
2138 2978 2234 3074 τῷ
2280 2985 2449 3051 Βου-

648 3100 920 3198 σιρίτη,
991 3099 1039 3196 ἥ
1108 3098 1198 3195 ἦν
1260 3103 1780 3197 κατειλημμένη
1846 3101 1965 3175 καὶ
2021 3104 2452 3200 ὠχυρωμένη

647 3227 828 3319 πρὸς
882 3227 1308 3325 πολιορκίαν
1370 3227 1610 3301 ὅπλων
1660 3258 1733 3300 τε
1787 3227 2188 3329 παραθέσει
2249 3226 2454 3322 δαψι-

649 3352 957 3450 λεστέρᾳ
1010 3352 1131 3424 καὶ
1191 3353 1277 3450 τῇ
1335 3351 1520 3451 ἄλλῃ
1582 3353 1898 3453 χορηγία
1952 3354 2186 3453 πάσῃ,
2227 3356 2317 3434 ὡς
2371 3354 2458 3426 ἂν

650 3479 728 3549 ἐκ
763 3477 1036 3549 πολλοῦ

1067 3677 1088 3714 ¹
1135 3677 1341 3736 Strack
1370 3678 1476 3736 has
1518 3682 1833 3758 ἀσφαλαίᾳ.
