<?xml version="1.0" encoding="UTF-8"?>
<!DOCTYPE html PUBLIC "-//W3C//DTD XHTML 1.0 Transitional//EN"
    "http://www.w3.org/TR/xhtml1/DTD/xhtml1-transitional.dtd">
<html xmlns="http://www.w3.org/1999/xhtml" xml:lang="en" lang="en">
 <head>
  <title>
</title>
<meta http-equiv="Content-Type" content="text/html;charset=utf-8" />
  <meta name='ocr-system' content='tesseract 3.04.00' />
  <meta name='ocr-capabilities' content='ocr_page ocr_carea ocr_par ocr_line ocrx_word'/>
</head>
<body>
  <div class='ocr_page' id='page_1' title='image "./decreesmemphisa01budggoog_0025.png"; bbox 0 0 2900 4284; ppageno 0'>
   <div class='ocr_carea' id='block_1_1' title="bbox 766 385 2374 464">
    <p class='ocr_par' dir='ltr' id='par_1_1' title="bbox 766 385 2374 464">
     <span class='ocr_line' id='line_1_1' title="bbox 766 385 2374 464; baseline -0.001 -16"><span class='ocrx_word' id='word_1_1' title='bbox 766 385 1166 448; x_wconf 81' lang='lat' dir='ltr'><strong>BRUGscH’s</strong></span> <span class='ocrx_word' id='word_1_2' title='bbox 1214 401 1432 448; x_wconf 82' lang='lat' dir='ltr'><strong>LATIN</strong></span> <span class='ocrx_word' id='word_1_3' title='bbox 1479 401 1980 448; x_wconf 79' lang='lat' dir='ltr'><strong>TRANSLATION</strong></span> <span class='ocrx_word' id='word_1_4' title='bbox 2296 403 2374 464; x_wconf 89' lang='lat'><strong>13</strong></span> 
     </span>
    </p>
   </div>
   <div class='ocr_carea' id='block_1_2' title="bbox 539 557 2407 3668">
    <p class='ocr_par' dir='ltr' id='par_1_2' title="bbox 539 557 2373 739">
     <span class='ocr_line' id='line_1_2' title="bbox 539 557 2373 647; baseline -0.001 -22"><span class='ocrx_word' id='word_1_5' title='bbox 539 566 703 626; x_wconf 89' lang='lat' dir='ltr'><strong>trem</strong></span> <span class='ocrx_word' id='word_1_6' title='bbox 746 560 1018 647; x_wconf 82' lang='lat' dir='ltr'><strong>Apidem</strong></span> <span class='ocrx_word' id='word_1_7' title='bbox 1064 558 1366 646; x_wconf 90' lang='lat' dir='ltr'><strong>erigendo</strong></span> <span class='ocrx_word' id='word_1_8' title='bbox 1410 557 1510 624; x_wconf 90' lang='lat' dir='ltr'><strong>illi</strong></span> <span class='ocrx_word' id='word_1_9' title='bbox 1560 559 1777 624; x_wconf 91' lang='lat' dir='ltr'><strong>domos</strong></span> <span class='ocrx_word' id='word_1_10' title='bbox 1836 559 2110 641; x_wconf 85' lang='lat' dir='ltr'><strong>divinas,</strong></span> <span class='ocrx_word' id='word_1_11' title='bbox 2157 559 2373 646; x_wconf 88' lang='lat' dir='ltr'><strong>adyta,</strong></span> 
     </span>
     <span class='ocr_line' id='line_1_3' title="bbox 543 672 1175 739; baseline 0.005 -3"><span class='ocrx_word' id='word_1_12' title='bbox 543 672 778 736; x_wconf 89' lang='lat' dir='ltr'><strong>altaria</strong></span> <span class='ocrx_word' id='word_1_13' title='bbox 825 722 1175 739; x_wconf 92' lang='grc'><strong>......</strong></span> 
     </span>
    </p>

    <p class='ocr_par' dir='ltr' id='par_1_3' title="bbox 545 781 2385 1523">
     <span class='ocr_line' id='line_1_4' title="bbox 547 781 2369 871; baseline -0.002 -20"><span class='ocrx_word' id='word_1_14' title='bbox 547 835 826 852; x_wconf 91' lang='grc'><strong>.....</strong></span> <span class='ocrx_word' id='word_1_15' title='bbox 873 782 1293 864; x_wconf 85' lang='lat' dir='ltr'><strong>venerabiles,</strong></span> <span class='ocrx_word' id='word_1_16' title='bbox 1326 781 1659 848; x_wconf 79' lang='lat' dir='ltr'><strong>imitantes</strong></span> <span class='ocrx_word' id='word_1_17' title='bbox 1692 782 2004 848; x_wconf 88' lang='lat' dir='ltr'><strong>dederunt</strong></span> <span class='ocrx_word' id='word_1_18' title='bbox 2034 782 2095 848; x_wconf 90' lang='lat' dir='ltr'><strong>ei</strong></span> <span class='ocrx_word' id='word_1_19' title='bbox 2127 783 2217 849; x_wconf 92' lang='lat' dir='ltr'><strong>dii</strong></span> <span class='ocrx_word' id='word_1_20' title='bbox 2251 782 2369 871; x_wconf 91' lang='lat' dir='ltr'><strong>(et)</strong></span> 
     </span>
     <span class='ocr_line' id='line_1_5' title="bbox 545 894 2382 977; baseline -0.001 -16"><span class='ocrx_word' id='word_1_21' title='bbox 545 895 697 961; x_wconf 88' lang='lat' dir='ltr'><strong>deae</strong></span> <span class='ocrx_word' id='word_1_22' title='bbox 730 895 1058 977; x_wconf 74' lang='lat' dir='ltr'><strong>ditionem,</strong></span> <span class='ocrx_word' id='word_1_23' title='bbox 1082 894 1438 973; x_wconf 83' lang='lat' dir='ltr'><strong>victoriam,</strong></span> <span class='ocrx_word' id='word_1_24' title='bbox 1469 894 1689 976; x_wconf 85' lang='lat' dir='ltr'><strong>vitam,</strong></span> <span class='ocrx_word' id='word_1_25' title='bbox 1710 894 2165 975; x_wconf 88' lang='lat' dir='ltr'><strong>valetudinem,</strong></span> <span class='ocrx_word' id='word_1_26' title='bbox 2186 894 2382 960; x_wconf 88' lang='lat' dir='ltr'><strong>robur</strong></span> 
     </span>
     <span class='ocr_line' id='line_1_6' title="bbox 547 1006 2381 1094; baseline 0 -22"><span class='ocrx_word' id='word_1_27' title='bbox 547 1013 612 1073; x_wconf 84' lang='lat' dir='ltr'><strong>et</strong></span> <span class='ocrx_word' id='word_1_28' title='bbox 624 1007 840 1072; x_wconf 90' lang='lat' dir='ltr'><strong>omnia</strong></span> <span class='ocrx_word' id='word_1_29' title='bbox 860 1007 990 1072; x_wconf 86' lang='lat' dir='ltr'><strong>alia</strong></span> <span class='ocrx_word' id='word_1_30' title='bbox 1001 1006 1171 1072; x_wconf 83' lang='lat' dir='ltr'><strong>bona</strong></span> <span class='ocrx_word' id='word_1_31' title='bbox 1189 1007 1257 1071; x_wconf 93' lang='lat' dir='ltr'><strong>in</strong></span> <span class='ocrx_word' id='word_1_32' title='bbox 1284 1006 1731 1094; x_wconf 85' lang='lat' dir='ltr'><strong>magnitudine</strong></span> <span class='ocrx_word' id='word_1_33' title='bbox 1752 1029 1987 1087; x_wconf 90' lang='lat' dir='ltr'><strong>eorum,</strong></span> <span class='ocrx_word' id='word_1_34' title='bbox 2002 1014 2078 1072; x_wconf 94' lang='lat' dir='ltr'><strong>ut</strong></span> <span class='ocrx_word' id='word_1_35' title='bbox 2098 1013 2381 1094; x_wconf 91' lang='lat' dir='ltr'><strong>potestas</strong></span> 
     </span>
     <span class='ocr_line' id='line_1_7' title="bbox 546 1118 2377 1207; baseline 0.001 -23"><span class='ocrx_word' id='word_1_36' title='bbox 546 1119 686 1206; x_wconf 90' lang='lat' dir='ltr'><strong>ejus</strong></span> <span class='ocrx_word' id='word_1_37' title='bbox 707 1141 940 1206; x_wconf 89' lang='lat' dir='ltr'><strong>magna</strong></span> <span class='ocrx_word' id='word_1_38' title='bbox 963 1125 1218 1184; x_wconf 83' lang='lat' dir='ltr'><strong>maneat</strong></span> <span class='ocrx_word' id='word_1_39' title='bbox 1238 1118 1409 1204; x_wconf 88' lang='lat' dir='ltr'><strong>apud</strong></span> <span class='ocrx_word' id='word_1_40' title='bbox 1436 1141 1583 1183; x_wconf 91' lang='lat' dir='ltr'><strong>eum</strong></span> <span class='ocrx_word' id='word_1_41' title='bbox 1605 1127 1670 1184; x_wconf 92' lang='lat' dir='ltr'><strong>et</strong></span> <span class='ocrx_word' id='word_1_42' title='bbox 1691 1118 1929 1184; x_wconf 86' lang='lat' dir='ltr'><strong>liberos</strong></span> <span class='ocrx_word' id='word_1_43' title='bbox 1952 1119 2093 1207; x_wconf 89' lang='lat' dir='ltr'><strong>ejus</strong></span> <span class='ocrx_word' id='word_1_44' title='bbox 2113 1141 2377 1206; x_wconf 84' lang='lat' dir='ltr'><strong>semper.</strong></span> 
     </span>
     <span class='ocr_line' id='line_1_8' title="bbox 547 1229 2382 1318; baseline 0 -23"><span class='ocrx_word' id='word_1_45' title='bbox 547 1231 763 1318; x_wconf 85' lang='lat' dir='ltr'><strong>Atque</strong></span> <span class='ocrx_word' id='word_1_46' title='bbox 811 1231 1073 1295; x_wconf 86' lang='lat' dir='ltr'><strong>fortuna</strong></span> <span class='ocrx_word' id='word_1_47' title='bbox 1120 1230 1288 1296; x_wconf 90' lang='lat' dir='ltr'><strong>bona</strong></span> <span class='ocrx_word' id='word_1_48' title='bbox 1334 1230 1460 1294; x_wconf 88' lang='lat' dir='ltr'><strong>ivit</strong></span> <span class='ocrx_word' id='word_1_49' title='bbox 1504 1230 1573 1294; x_wconf 95' lang='lat' dir='ltr'><strong>in</strong></span> <span class='ocrx_word' id='word_1_50' title='bbox 1622 1253 1729 1295; x_wconf 84' lang='lat' dir='ltr'><strong>cor</strong></span> <span class='ocrx_word' id='word_1_51' title='bbox 1776 1229 2175 1295; x_wconf 88' lang='lat' dir='ltr'><strong>sacerdotum</strong></span> <span class='ocrx_word' id='word_1_52' title='bbox 2224 1237 2382 1295; x_wconf 90' lang='lat' dir='ltr'><strong>tem-</strong></span> 
     </span>
     <span class='ocr_line' id='line_1_9' title="bbox 549 1342 2385 1431; baseline 0.001 -24"><span class='ocrx_word' id='word_1_53' title='bbox 549 1343 801 1430; x_wconf 89' lang='lat' dir='ltr'><strong>plorum</strong></span> <span class='ocrx_word' id='word_1_54' title='bbox 829 1342 1110 1431; x_wconf 86' lang='lat' dir='ltr'><strong>Aegypti</strong></span> <span class='ocrx_word' id='word_1_55' title='bbox 1143 1342 1495 1430; x_wconf 88' lang='lat' dir='ltr'><strong>superioris</strong></span> <span class='ocrx_word' id='word_1_56' title='bbox 1544 1348 1610 1407; x_wconf 91' lang='lat' dir='ltr'><strong>et</strong></span> <span class='ocrx_word' id='word_1_57' title='bbox 1663 1342 1990 1407; x_wconf 87' lang='lat' dir='ltr'><strong>inferioris</strong></span> <span class='ocrx_word' id='word_1_58' title='bbox 2038 1343 2385 1409; x_wconf 90' lang='lat' dir='ltr'><strong>secundum</strong></span> 
     </span>
     <span class='ocr_line' id='line_1_10' title="bbox 549 1455 1618 1523; baseline 0.002 -4"><span class='ocrx_word' id='word_1_59' title='bbox 549 1455 1038 1522; x_wconf 86' lang='lat' dir='ltr'><strong>multitudinem</strong></span> <span class='ocrx_word' id='word_1_60' title='bbox 1069 1478 1286 1521; x_wconf 87' lang='lat' dir='ltr'><strong>eorum</strong></span> <span class='ocrx_word' id='word_1_61' title='bbox 1336 1506 1618 1523; x_wconf 91' lang='grc'><strong>.....</strong></span> 
     </span>
    </p>

    <p class='ocr_par' dir='ltr' id='par_1_4' title="bbox 553 1566 2393 2308">
     <span class='ocr_line' id='line_1_11' title="bbox 555 1566 2386 1654; baseline -0.001 -19"><span class='ocrx_word' id='word_1_62' title='bbox 555 1619 905 1636; x_wconf 92' lang='grc'><strong>......</strong></span> <span class='ocrx_word' id='word_1_63' title='bbox 953 1574 1019 1633; x_wconf 93' lang='lat' dir='ltr'><strong>et</strong></span> <span class='ocrx_word' id='word_1_64' title='bbox 1090 1567 1240 1632; x_wconf 92' lang='lat' dir='ltr'><strong>illos</strong></span> <span class='ocrx_word' id='word_1_65' title='bbox 1316 1567 1576 1632; x_wconf 87' lang='lat' dir='ltr'><strong>deorum</strong></span> <span class='ocrx_word' id='word_1_66' title='bbox 1653 1566 1949 1632; x_wconf 80' lang='lat' dir='ltr'><strong>Soterum</strong></span> <span class='ocrx_word' id='word_1_67' title='bbox 2023 1567 2386 1654; x_wconf 84' lang='lat' dir='ltr'><strong>genitorum</strong></span> 
     </span>
     <span class='ocr_line' id='line_1_12' title="bbox 554 1679 2390 1768; baseline 0 -22"><span class='ocrx_word' id='word_1_68' title='bbox 554 1686 812 1768; x_wconf 82' lang='lat' dir='ltr'><strong>patrum</strong></span> <span class='ocrx_word' id='word_1_69' title='bbox 871 1702 1088 1746; x_wconf 85' lang='lat' dir='ltr'><strong>eorum</strong></span> <span class='ocrx_word' id='word_1_70' title='bbox 1164 1703 1276 1767; x_wconf 89' lang='lat' dir='ltr'><strong>per</strong></span> <span class='ocrx_word' id='word_1_71' title='bbox 1332 1679 1555 1765; x_wconf 90' lang='lat' dir='ltr'><strong>legem,</strong></span> <span class='ocrx_word' id='word_1_72' title='bbox 1618 1685 1694 1743; x_wconf 90' lang='lat' dir='ltr'><strong>ut</strong></span> <span class='ocrx_word' id='word_1_73' title='bbox 1763 1679 2109 1745; x_wconf 82' lang='lat' dir='ltr'><strong>collocetur</strong></span> <span class='ocrx_word' id='word_1_74' title='bbox 2179 1680 2390 1767; x_wconf 84' lang='lat' dir='ltr'><strong>imago</strong></span> 
     </span>
     <span class='ocr_line' id='line_1_13' title="bbox 554 1791 2389 1881; baseline 0.001 -23"><span class='ocrx_word' id='word_1_75' title='bbox 554 1793 725 1880; x_wconf 90' lang='lat' dir='ltr'><strong>regis</strong></span> <span class='ocrx_word' id='word_1_76' title='bbox 771 1793 1053 1881; x_wconf 87' lang='lat' dir='ltr'><strong>Aegypti</strong></span> <span class='ocrx_word' id='word_1_77' title='bbox 1108 1791 1455 1879; x_wconf 91' lang='lat' dir='ltr'><strong>superioris</strong></span> <span class='ocrx_word' id='word_1_78' title='bbox 1514 1798 1580 1857; x_wconf 92' lang='lat' dir='ltr'><strong>et</strong></span> <span class='ocrx_word' id='word_1_79' title='bbox 1637 1791 1960 1856; x_wconf 87' lang='lat' dir='ltr'><strong>inferioris</strong></span> <span class='ocrx_word' id='word_1_80' title='bbox 2015 1793 2389 1875; x_wconf 88' lang='lat' dir='ltr'><strong>(Ptolemaei</strong></span> 
     </span>
     <span class='ocr_line' id='line_1_14' title="bbox 553 1902 2390 1992; baseline 0 -22"><span class='ocrx_word' id='word_1_81' title='bbox 553 1905 836 1971; x_wconf 85' lang='lat' dir='ltr'><strong>viventis</strong></span> <span class='ocrx_word' id='word_1_82' title='bbox 896 1927 1161 1992; x_wconf 80' lang='lat' dir='ltr'><strong>semper,</strong></span> <span class='ocrx_word' id='word_1_83' title='bbox 1224 1927 1262 1968; x_wconf 88' lang='lat' dir='ltr'><strong>a</strong></span> <span class='ocrx_word' id='word_1_84' title='bbox 1320 1903 1491 1968; x_wconf 86' lang='lat' dir='ltr'><strong>Ptah</strong></span> <span class='ocrx_word' id='word_1_85' title='bbox 1567 1902 1791 1991; x_wconf 87' lang='lat' dir='ltr'><strong>amati)</strong></span> <span class='ocrx_word' id='word_1_86' title='bbox 1868 1903 1970 1968; x_wconf 91' lang='lat' dir='ltr'><strong>dei</strong></span> <span class='ocrx_word' id='word_1_87' title='bbox 2044 1904 2390 1986; x_wconf 86' lang='lat' dir='ltr'><strong>manifesti,</strong></span> 
     </span>
     <span class='ocr_line' id='line_1_15' title="bbox 559 2014 2393 2104; baseline -0.001 -22"><span class='ocrx_word' id='word_1_88' title='bbox 559 2016 798 2082; x_wconf 92' lang='lat' dir='ltr'><strong>domini</strong></span> <span class='ocrx_word' id='word_1_89' title='bbox 852 2017 1094 2104; x_wconf 89' lang='lat' dir='ltr'><strong>optimi,</strong></span> <span class='ocrx_word' id='word_1_90' title='bbox 1147 2021 1224 2080; x_wconf 91' lang='lat' dir='ltr'><strong>ut</strong></span> <span class='ocrx_word' id='word_1_91' title='bbox 1276 2014 1637 2101; x_wconf 90' lang='lat' dir='ltr'><strong>appelletur</strong></span> <span class='ocrx_word' id='word_1_92' title='bbox 1681 2037 1907 2079; x_wconf 92' lang='lat' dir='ltr'><strong>nomen</strong></span> <span class='ocrx_word' id='word_1_93' title='bbox 1950 2016 2129 2103; x_wconf 90' lang='lat' dir='ltr'><strong>ejus:</strong></span> <span class='ocrx_word' id='word_1_94' title='bbox 2179 2016 2393 2081; x_wconf 86' lang='lat' dir='ltr'><strong>Ptole-</strong></span> 
     </span>
     <span class='ocr_line' id='line_1_16' title="bbox 557 2126 2393 2216; baseline 0.001 -22"><span class='ocrx_word' id='word_1_95' title='bbox 557 2152 776 2195; x_wconf 91' lang='lat' dir='ltr'><strong>maeus</strong></span> <span class='ocrx_word' id='word_1_96' title='bbox 836 2130 1010 2194; x_wconf 86' lang='lat' dir='ltr'><strong>ultor</strong></span> <span class='ocrx_word' id='word_1_97' title='bbox 1074 2134 1280 2193; x_wconf 86' lang='lat' dir='ltr'><strong>terrae</strong></span> <span class='ocrx_word' id='word_1_98' title='bbox 1355 2127 1525 2214; x_wconf 88' lang='lat' dir='ltr'><strong>Ug’a</strong></span> <span class='ocrx_word' id='word_1_99' title='bbox 1600 2126 1757 2206; x_wconf 91' lang='lat' dir='ltr'><strong>(i.e.)</strong></span> <span class='ocrx_word' id='word_1_100' title='bbox 1838 2126 2095 2195; x_wconf 86' lang='lat' dir='ltr'><strong>videtur</strong></span> <span class='ocrx_word' id='word_1_101' title='bbox 2152 2128 2220 2193; x_wconf 93' lang='lat' dir='ltr'><strong>in</strong></span> <span class='ocrx_word' id='word_1_102' title='bbox 2282 2130 2393 2216; x_wconf 91' lang='lat' dir='ltr'><strong>qui</strong></span> 
     </span>
     <span class='ocr_line' id='line_1_17' title="bbox 558 2242 1428 2308; baseline -0.003 -1"><span class='ocrx_word' id='word_1_103' title='bbox 558 2242 967 2307; x_wconf 87' lang='lat' dir='ltr'><strong>Ptolemaeus</strong></span> <span class='ocrx_word' id='word_1_104' title='bbox 1017 2290 1428 2308; x_wconf 92' lang='grc'><strong>.......</strong></span> 
     </span>
    </p>

    <p class='ocr_par' dir='ltr' id='par_1_5' title="bbox 560 2350 2407 3224">
     <span class='ocr_line' id='line_1_18' title="bbox 563 2350 2388 2420; baseline 0 -1"><span class='ocrx_word' id='word_1_105' title='bbox 563 2354 859 2420; x_wconf 91' lang='lat' dir='ltr'><strong>domibus</strong></span> <span class='ocrx_word' id='word_1_106' title='bbox 889 2360 1097 2419; x_wconf 91' lang='lat' dir='ltr'><strong>terrae</strong></span> <span class='ocrx_word' id='word_1_107' title='bbox 1127 2353 1333 2418; x_wconf 89' lang='lat' dir='ltr'><strong>totius</strong></span> <span class='ocrx_word' id='word_1_108' title='bbox 1362 2351 1432 2416; x_wconf 92' lang='lat' dir='ltr'><strong>in</strong></span> <span class='ocrx_word' id='word_1_109' title='bbox 1463 2350 1719 2416; x_wconf 91' lang='lat' dir='ltr'><strong>nomine</strong></span> <span class='ocrx_word' id='word_1_110' title='bbox 1752 2372 1869 2416; x_wconf 89' lang='lat' dir='ltr'><strong>suo</strong></span> <span class='ocrx_word' id='word_1_111' title='bbox 1897 2351 2138 2417; x_wconf 89' lang='lat' dir='ltr'><strong>faciant</strong></span> <span class='ocrx_word' id='word_1_112' title='bbox 2168 2353 2388 2420; x_wconf 88' lang='lat' dir='ltr'><strong>minis-</strong></span> 
     </span>
     <span class='ocr_line' id='line_1_19' title="bbox 561 2462 2391 2552; baseline 0 -20"><span class='ocrx_word' id='word_1_113' title='bbox 561 2467 727 2532; x_wconf 90' lang='lat' dir='ltr'><strong>teria</strong></span> <span class='ocrx_word' id='word_1_114' title='bbox 754 2466 859 2531; x_wconf 89' lang='lat' dir='ltr'><strong>his</strong></span> <span class='ocrx_word' id='word_1_115' title='bbox 889 2464 1281 2552; x_wconf 88' lang='lat' dir='ltr'><strong>imaginibus</strong></span> <span class='ocrx_word' id='word_1_116' title='bbox 1311 2462 1522 2528; x_wconf 90' lang='lat' dir='ltr'><strong>tribus</strong></span> <span class='ocrx_word' id='word_1_117' title='bbox 1544 2462 1793 2529; x_wconf 84' lang='lat' dir='ltr'><strong>vicibus</strong></span> <span class='ocrx_word' id='word_1_118' title='bbox 1825 2486 1938 2550; x_wconf 88' lang='lat' dir='ltr'><strong>per</strong></span> <span class='ocrx_word' id='word_1_119' title='bbox 1968 2463 2151 2545; x_wconf 91' lang='lat' dir='ltr'><strong>diem,</strong></span> <span class='ocrx_word' id='word_1_120' title='bbox 2175 2472 2239 2530; x_wconf 90' lang='lat' dir='ltr'><strong>et</strong></span> <span class='ocrx_word' id='word_1_121' title='bbox 2266 2470 2391 2550; x_wconf 92' lang='lat' dir='ltr'><strong>(ut)</strong></span> 
     </span>
     <span class='ocr_line' id='line_1_20' title="bbox 560 2575 2396 2666; baseline 0.001 -23"><span class='ocrx_word' id='word_1_122' title='bbox 560 2578 804 2644; x_wconf 89' lang='lat' dir='ltr'><strong>faciant</strong></span> <span class='ocrx_word' id='word_1_123' title='bbox 836 2578 985 2644; x_wconf 88' lang='lat' dir='ltr'><strong>dare</strong></span> <span class='ocrx_word' id='word_1_124' title='bbox 1015 2577 1262 2642; x_wconf 86' lang='lat' dir='ltr'><strong>cultum</strong></span> <span class='ocrx_word' id='word_1_125' title='bbox 1307 2575 1599 2640; x_wconf 89' lang='lat' dir='ltr'><strong>divinum</strong></span> <span class='ocrx_word' id='word_1_126' title='bbox 1645 2598 1838 2661; x_wconf 90' lang='lat' dir='ltr'><strong>penes</strong></span> <span class='ocrx_word' id='word_1_127' title='bbox 1882 2598 2008 2657; x_wconf 90' lang='lat' dir='ltr'><strong>eas,</strong></span> <span class='ocrx_word' id='word_1_128' title='bbox 2051 2579 2173 2659; x_wconf 94' lang='lat' dir='ltr'><strong>(ut)</strong></span> <span class='ocrx_word' id='word_1_129' title='bbox 2211 2580 2396 2666; x_wconf 91' lang='lat' dir='ltr'><strong>perfi-</strong></span> 
     </span>
     <span class='ocr_line' id='line_1_21' title="bbox 565 2686 2394 2770; baseline 0.001 -14"><span class='ocrx_word' id='word_1_130' title='bbox 565 2691 743 2756; x_wconf 85' lang='lat' dir='ltr'><strong>ciant</strong></span> <span class='ocrx_word' id='word_1_131' title='bbox 786 2689 1168 2755; x_wconf 88' lang='lat' dir='ltr'><strong>caerimonia</strong></span> <span class='ocrx_word' id='word_1_132' title='bbox 1214 2687 1573 2754; x_wconf 86' lang='lat' dir='ltr'><strong>constituta</strong></span> <span class='ocrx_word' id='word_1_133' title='bbox 1617 2686 1687 2751; x_wconf 94' lang='lat' dir='ltr'><strong>in</strong></span> <span class='ocrx_word' id='word_1_134' title='bbox 1735 2687 1819 2752; x_wconf 90' lang='lat' dir='ltr'><strong>iis</strong></span> <span class='ocrx_word' id='word_1_135' title='bbox 1867 2687 2168 2770; x_wconf 89' lang='lat' dir='ltr'><strong>colendis,</strong></span> <span class='ocrx_word' id='word_1_136' title='bbox 2202 2691 2394 2757; x_wconf 88' lang='lat' dir='ltr'><strong>sicuti</strong></span> 
     </span>
     <span class='ocr_line' id='line_1_22' title="bbox 564 2799 2395 2888; baseline 0.002 -21"><span class='ocrx_word' id='word_1_137' title='bbox 564 2803 732 2868; x_wconf 90' lang='lat' dir='ltr'><strong>fiunt</strong></span> <span class='ocrx_word' id='word_1_138' title='bbox 752 2803 877 2868; x_wconf 87' lang='lat' dir='ltr'><strong>diis</strong></span> <span class='ocrx_word' id='word_1_139' title='bbox 902 2808 1109 2867; x_wconf 86' lang='lat' dir='ltr'><strong>terrae</strong></span> <span class='ocrx_word' id='word_1_140' title='bbox 1129 2800 1448 2867; x_wconf 90' lang='lat' dir='ltr'><strong>canalium</strong></span> <span class='ocrx_word' id='word_1_141' title='bbox 1472 2799 1538 2864; x_wconf 89' lang='lat' dir='ltr'><strong>in</strong></span> <span class='ocrx_word' id='word_1_142' title='bbox 1562 2800 1994 2886; x_wconf 88' lang='lat' dir='ltr'><strong>panegyribus</strong></span> <span class='ocrx_word' id='word_1_143' title='bbox 2014 2802 2395 2888; x_wconf 86' lang='lat' dir='ltr'><strong>templorum</strong></span> 
     </span>
     <span class='ocr_line' id='line_1_23' title="bbox 565 2900 2395 3000; baseline 0.002 -20"><span class='ocrx_word' id='word_1_144' title='bbox 565 2921 885 2980; x_wconf 87' lang='lat' dir='ltr'><strong>terrarum</strong></span> <span class='ocrx_word' id='word_1_145' title='bbox 953 2919 1019 2979; x_wconf 93' lang='lat' dir='ltr'><strong>et</strong></span> <span class='ocrx_word' id='word_1_146' title='bbox 1080 2911 1358 3000; x_wconf 92' lang='lat' dir='ltr'><strong>die(bus)</strong></span> <span class='ocrx_word' id='word_1_147' title='bbox 1424 2912 1610 2976; x_wconf 87' lang='lat' dir='ltr'><strong>festis</strong></span> <span class='ocrx_word' id='word_1_148' title='bbox 1677 2912 1872 2976; x_wconf 89' lang='lat' dir='ltr'><strong>etiam</strong></span> <span class='ocrx_word' id='word_1_149' title='bbox 1903 2900 2048 2977; x_wconf 67' lang='lat' dir='ltr'><strong>&#39;fiat</strong></span> <span class='ocrx_word' id='word_1_150' title='bbox 2116 2914 2252 2981; x_wconf 89' lang='lat' dir='ltr'><strong>dies</strong></span> <span class='ocrx_word' id='word_1_151' title='bbox 2329 2918 2395 2983; x_wconf 87' lang='lat' dir='ltr'><strong>in</strong></span> 
     </span>
     <span class='ocr_line' id='line_1_24' title="bbox 569 3022 2407 3113; baseline 0.001 -22"><span class='ocrx_word' id='word_1_152' title='bbox 569 3027 825 3091; x_wconf 91' lang='lat' dir='ltr'><strong>nomine</strong></span> <span class='ocrx_word' id='word_1_153' title='bbox 878 3025 1039 3113; x_wconf 91' lang='lat' dir='ltr'><strong>ejus,</strong></span> <span class='ocrx_word' id='word_1_154' title='bbox 1070 3047 1182 3110; x_wconf 90' lang='lat' dir='ltr'><strong>per</strong></span> <span class='ocrx_word' id='word_1_155' title='bbox 1231 3029 1549 3089; x_wconf 84' lang='lat' dir='ltr'><strong>statutum</strong></span> <span class='ocrx_word' id='word_1_156' title='bbox 1602 3022 1729 3108; x_wconf 89' lang='lat' dir='ltr'><strong>(ut)</strong></span> <span class='ocrx_word' id='word_1_157' title='bbox 1783 3022 1960 3089; x_wconf 91' lang='lat' dir='ltr'><strong>filius</strong></span> <span class='ocrx_word' id='word_1_158' title='bbox 2013 3026 2407 3112; x_wconf 76' lang='lat' dir='ltr'><strong>gubernator·</strong></span> 
     </span>
     <span class='ocr_line' id='line_1_25' title="bbox 571 3132 1816 3224; baseline -0.002 -21"><span class='ocrx_word' id='word_1_159' title='bbox 571 3137 743 3224; x_wconf 88' lang='lat' dir='ltr'><strong>regis</strong></span> <span class='ocrx_word' id='word_1_160' title='bbox 772 3135 1055 3223; x_wconf 90' lang='lat' dir='ltr'><strong>Aegypti</strong></span> <span class='ocrx_word' id='word_1_161' title='bbox 1087 3132 1494 3223; x_wconf 91' lang='lat' dir='ltr'><strong>[Ptolemaei]</strong></span> <span class='ocrx_word' id='word_1_162' title='bbox 1545 3186 1816 3202; x_wconf 92' lang='grc'><strong>.....</strong></span> 
     </span>
    </p>

    <p class='ocr_par' dir='ltr' id='par_1_6' title="bbox 571 3245 2407 3668">
     <span class='ocr_line' id='line_1_26' title="bbox 571 3245 2394 3338; baseline 0.002 -24"><span class='ocrx_word' id='word_1_163' title='bbox 571 3248 990 3338; x_wconf 89' lang='lat' dir='ltr'><strong>[aediculam]</strong></span> <span class='ocrx_word' id='word_1_164' title='bbox 1034 3246 1465 3312; x_wconf 89' lang='lat' dir='ltr'><strong>venerabilem</strong></span> <span class='ocrx_word' id='word_1_165' title='bbox 1512 3245 1581 3310; x_wconf 92' lang='lat' dir='ltr'><strong>in</strong></span> <span class='ocrx_word' id='word_1_166' title='bbox 1613 3268 1773 3332; x_wconf 84' lang='lat' dir='ltr'><strong>puro</strong></span> <span class='ocrx_word' id='word_1_167' title='bbox 1803 3270 1958 3312; x_wconf 88' lang='lat' dir='ltr'><strong>auro</strong></span> <span class='ocrx_word' id='word_1_168' title='bbox 2001 3254 2066 3312; x_wconf 90' lang='lat' dir='ltr'><strong>et</strong></span> <span class='ocrx_word' id='word_1_169' title='bbox 2096 3251 2394 3318; x_wconf 85' lang='lat' dir='ltr'><strong>refertam</strong></span> 
     </span>
     <span class='ocr_line' id='line_1_27' title="bbox 574 3357 2403 3446; baseline 0.001 -18"><span class='ocrx_word' id='word_1_170' title='bbox 574 3364 736 3428; x_wconf 89' lang='lat' dir='ltr'><strong>duro</strong></span> <span class='ocrx_word' id='word_1_171' title='bbox 785 3359 1101 3446; x_wconf 82' lang='lat' dir='ltr'><strong>lapide??</strong></span> <span class='ocrx_word' id='word_1_172' title='bbox 1145 3359 1215 3423; x_wconf 94' lang='lat' dir='ltr'><strong>in</strong></span> <span class='ocrx_word' id='word_1_173' title='bbox 1262 3358 1468 3445; x_wconf 86' lang='lat' dir='ltr'><strong>portis</strong></span> <span class='ocrx_word' id='word_1_174' title='bbox 1522 3357 1744 3423; x_wconf 87' lang='lat' dir='ltr'><strong>domus</strong></span> <span class='ocrx_word' id='word_1_175' title='bbox 1804 3365 2011 3425; x_wconf 88' lang='lat' dir='ltr'><strong>terrae</strong></span> <span class='ocrx_word' id='word_1_176' title='bbox 2071 3363 2274 3429; x_wconf 82' lang='lat' dir='ltr'><strong>totius</strong></span> <span class='ocrx_word' id='word_1_177' title='bbox 2334 3366 2403 3431; x_wconf 92' lang='lat' dir='ltr'><strong>in</strong></span> 
     </span>
     <span class='ocr_line' id='line_1_28' title="bbox 573 3468 2404 3541; baseline 0.001 -2"><span class='ocrx_word' id='word_1_178' title='bbox 573 3472 829 3539; x_wconf 92' lang='lat' dir='ltr'><strong>nomine</strong></span> <span class='ocrx_word' id='word_1_179' title='bbox 890 3493 1007 3536; x_wconf 90' lang='lat' dir='ltr'><strong>suo</strong></span> <span class='ocrx_word' id='word_1_180' title='bbox 1057 3520 1073 3537; x_wconf 89' lang='lat'><strong>.</strong></span> <span class='ocrx_word' id='word_1_181' title='bbox 1125 3522 1139 3536; x_wconf 91' lang='lat'><strong>.</strong></span> <span class='ocrx_word' id='word_1_182' title='bbox 1191 3520 1206 3535; x_wconf 88' lang='lat'><strong><em>.</em></strong></span> <span class='ocrx_word' id='word_1_183' title='bbox 1255 3469 1324 3534; x_wconf 92' lang='lat' dir='ltr'><strong>in</strong></span> <span class='ocrx_word' id='word_1_184' title='bbox 1384 3468 1549 3533; x_wconf 86' lang='lat' dir='ltr'><strong>cella</strong></span> <span class='ocrx_word' id='word_1_185' title='bbox 1608 3476 1830 3534; x_wconf 86' lang='lat' dir='ltr'><strong>sancta</strong></span> <span class='ocrx_word' id='word_1_186' title='bbox 1888 3494 2032 3536; x_wconf 92' lang='lat' dir='ltr'><strong>cum</strong></span> <span class='ocrx_word' id='word_1_187' title='bbox 2093 3474 2404 3541; x_wconf 86' lang='lat' dir='ltr'><strong>aediculis</strong></span> 
     </span>
     <span class='ocr_line' id='line_1_29' title="bbox 576 3580 2407 3668; baseline 0.002 -18"><span class='ocrx_word' id='word_1_188' title='bbox 576 3586 837 3650; x_wconf 91' lang='lat' dir='ltr'><strong>deorum</strong></span> <span class='ocrx_word' id='word_1_189' title='bbox 912 3587 1229 3647; x_wconf 83' lang='lat' dir='ltr'><strong>terrarum</strong></span> <span class='ocrx_word' id='word_1_190' title='bbox 1312 3580 1670 3663; x_wconf 82' lang='lat' dir='ltr'><strong>canalium3</strong></span> <span class='ocrx_word' id='word_1_191' title='bbox 1761 3583 2018 3668; x_wconf 93' lang='lat' dir='ltr'><strong>quando</strong></span> <span class='ocrx_word' id='word_1_192' title='bbox 2097 3592 2195 3650; x_wconf 90' lang='lat' dir='ltr'><strong>est</strong></span> <span class='ocrx_word' id='word_1_193' title='bbox 2270 3587 2407 3653; x_wconf 89' lang='lat' dir='ltr'><strong>dies</strong></span> 
     </span>
    </p>
   </div>
   <div class='ocr_carea' id='block_1_3' title="bbox 574 3694 2409 3784">
    <p class='ocr_par' dir='ltr' id='par_1_7' title="bbox 574 3694 2409 3784">
     <span class='ocr_line' id='line_1_30' title="bbox 574 3694 2409 3784; baseline 0.002 -23"><span class='ocrx_word' id='word_1_194' title='bbox 574 3694 995 3784; x_wconf 88' lang='lat' dir='ltr'><strong>panegyrium</strong></span> <span class='ocrx_word' id='word_1_195' title='bbox 1068 3714 1464 3780; x_wconf 88' lang='lat' dir='ltr'><strong>magnarum,</strong></span> <span class='ocrx_word' id='word_1_196' title='bbox 1534 3694 1715 3780; x_wconf 87' lang='lat' dir='ltr'><strong>(quo)</strong></span> <span class='ocrx_word' id='word_1_197' title='bbox 1789 3694 2180 3781; x_wconf 87' lang='lat' dir='ltr'><strong>conspicitur</strong></span> <span class='ocrx_word' id='word_1_198' title='bbox 2253 3698 2409 3764; x_wconf 90' lang='lat' dir='ltr'><strong>deus</strong></span> 
     </span>
    </p>
   </div>
  </div>
 </body>
</html>
