2900 4284
499 368 620 450 176

496 769 574 830 21

499 1215 581 1278 22

502 1665 583 1726 23

506 2111 590 2176 24

506 2449 588 2510 25

509 2898 591 2959 26

512 3347 595 3411 27

1088 385 1238 430 THE
1292 384 1618 431 ROSETTA
1667 384 1899 430 STONE

668 543 885 629 copiae
945 548 1271 628 equestres
1323 550 1388 607 et
1447 542 1792 629 pedestres,
1850 550 1914 607 et
1967 563 2182 622 naves,
2238 542 2321 608 ad
2380 565 2506 622 eos,

673 655 786 740 qui
2444 640 2456 652 ’

671 766 952 853 aggressi
994 772 1181 832 erant
1221 766 1583 853 AEgyptum
1614 766 1773 831 mari
1812 772 2131 852 terraque,
2180 767 2509 833 sustinens

671 879 996 965 impensas
1055 876 1461 963 pecuniarias
1521 884 1588 943 et
1647 879 2036 944 annonarias
2098 901 2382 966 magnas,
2436 886 2510 945 ut

669 990 926 1076 templa,
960 997 1025 1054 et
1068 989 1116 1054 ii
1165 989 1276 1075 qui
1323 989 1393 1054 in
1439 1011 1515 1055 ea
1568 989 1910 1081 [AEgypto]
1964 996 2136 1071 sunt,
2170 1013 2387 1058 omnes
2444 993 2512 1057 in

670 1109 814 1167 tuto
846 1101 977 1168 sint
1002 1128 1018 1184 ;
1063 1122 1334 1186 cumque
1366 1102 1566 1168 etiam

674 1214 753 1279 ad
801 1213 1156 1300 Lycopolin
1206 1220 1375 1279 esset
1425 1215 1766 1300 profectus,
1819 1215 1889 1279 in
1930 1214 2220 1281 Busirite
2269 1213 2509 1305 [nomo]

673 1326 884 1406 sitam,
912 1347 1077 1411 quae
1108 1331 1245 1391 erat
1275 1331 1625 1411 occupatur
1648 1332 1713 1391 et
1735 1327 1991 1391 munita
2010 1327 2092 1392 ad
2114 1326 2511 1394 tolerandam

673 1437 1069 1505 obsidionem
1125 1447 1440 1525 apparatu
1488 1437 1855 1524 copiosiore,
1907 1446 1971 1504 et
2017 1439 2248 1505 ceteris
2295 1463 2509 1507 neces-

673 1550 860 1616 sariis
890 1549 1203 1630 omnibus,
1236 1550 1475 1637 quippe
1507 1573 1541 1616 e
1571 1549 1780 1616 multo

674 1662 825 1728 inde
884 1669 1166 1749 tempore
1224 1668 1451 1749 parata
1510 1661 1862 1728 defectione
1923 1684 1956 1727 e
2012 1661 2353 1744 sceleratis,
2401 1666 2508 1751 qui

674 1774 744 1839 in
804 1773 997 1839 istam
1061 1774 1280 1839 urbem
1334 1773 1793 1854 confluxerant,
1852 1773 2091 1860 quique
2139 1775 2207 1840 in
2255 1776 2510 1863 templa,

676 1893 740 1951 et
782 1886 1140 1973 AEgyptum
1197 1885 1567 1966 incolentes,
1614 1885 1823 1951 multa
1873 1886 2046 1953 mala
2103 1894 2510 1974 perpetrave-

678 2005 842 2077 rant,

679 2109 1025 2174 obsidendo
1072 2108 1265 2175 vallis
1327 2115 1392 2174 et
1444 2110 1634 2175 fossis
1697 2116 1761 2175 et
1822 2112 2022 2176 muris
2069 2134 2205 2176 eam
2249 2112 2511 2177 circum-

680 2221 855 2286 dedit
890 2220 1064 2286 haud
1104 2220 1620 2303 contemnendis3
1666 2243 1936 2307 cumque
1981 2221 2174 2288 Nilus
2221 2224 2516 2310 ingentes

679 2339 908 2399 auctus
940 2331 1206 2398 haberet
1236 2353 1403 2397 anno
1436 2341 1679 2412 octaVO,
1715 2339 1780 2397 et
1811 2333 2127 2399 inundare

681 2444 911 2511 soleret
953 2443 1352 2531 campestria,
1385 2444 1665 2509 coercuit
1709 2444 1947 2530 [eum],
1981 2446 2046 2510 in
2094 2445 2317 2512 multis
2357 2445 2516 2513 locis

677 2555 1020 2622 muniendo
1049 2555 1218 2622 ostia
1249 2555 1550 2636 amnium,
1573 2578 1850 2642 expensa
1879 2557 1949 2620 in
1969 2556 2036 2622 id
2059 2579 2249 2644 opum
2273 2581 2518 2624 summa

679 2667 855 2734 haud
899 2690 1140 2755 parva3
1187 2674 1269 2748 et,
1314 2666 1681 2733 collocando
1731 2669 1980 2754 equites
2029 2674 2094 2733 et
2141 2670 2390 2755 pedites
2438 2672 2518 2736 ad

680 2780 1034 2846 custodiam

682 2915 916 2972 eorum,
979 2899 1043 2957 et
1094 2892 1275 2958 brevi
1343 2898 1624 2978 tempore
1686 2892 1908 2958 urbem
1970 2893 2034 2957 vi
2096 2895 2513 2981 expugnavit,

683 3012 747 3071 et
790 3005 1133 3071 sceleratos
1177 3004 1247 3069 in
1280 3026 1356 3070 ea
1386 3026 1603 3070 omnes
1644 3006 1938 3086 necavit3
1990 3005 2517 3089 quemadmodum

684 3118 953 3183 Hermes
1004 3122 1069 3182 et
1117 3116 1357 3195 Horus,
1406 3115 1604 3180 Isidis
1636 3121 1701 3180 et
1757 3115 2033 3181 Osiridis
2087 3115 2281 3197 filius,
2331 3118 2515 3183 sube-

683 3235 916 3318 gerunt
948 3250 1075 3308 eos,
1110 3227 1219 3313 qui
1252 3226 1322 3291 in
1353 3226 1578 3291 iisdem

684 3342 843 3408 locis
875 3347 1065 3406 antea
1097 3338 1516 3405 defectionem
1545 3339 1865 3421 fecerant3
1915 3340 2106 3405 duces
2138 3362 2371 3423 eorum,
2406 3343 2518 3428 qui

686 3455 1050 3520 defecerant
1080 3451 1285 3539 patris
1315 3457 1616 3538 tempore,
1651 3456 1716 3516 et
1747 3452 2071 3540 regionem
2117 3454 2516 3540 praedantes,

686 3574 752 3632 et
812 3564 1052 3650 templa
1124 3562 1511 3650 [sacrilegio]
1592 3561 1929 3645 violantes,
1984 3564 2318 3653 Memphin
2378 3588 2521 3653 pro-

686 3678 913 3754 fectus,
949 3673 1130 3739 ultus
2160 3659 2169 3666 ⁹
