2900 4284
498 377 577 439 14

501 2106 581 2169 10

500 3343 577 3406 11

886 360 1287 423 BRucscn’s
1335 377 1554 423 LATIN
1602 376 2109 424 TRANSLATION

669 535 738 599 in
798 534 963 599 cella
1021 556 1140 600 3116
1199 534 1572 616 venerabili,
1634 535 1701 598 in
1763 557 1882 600 suo
1953 535 2056 600 die
2122 534 2510 601 ducentibus

674 647 892 734 (eum),
956 670 1070 733 per
1129 652 1451 712 statutum
1551 651 1677 735 (ut)
1751 645 1867 711 fiat
1940 647 2108 713 visio
2182 647 2510 713 aediculae

670 758 1054 824 venerabilis
1129 758 1231 823 dei
1299 758 1647 838 manifesti,
1727 757 1968 823 domini
2043 758 2291 845 optimi,
2365 780 2511 823 cum

669 871 773 953 iis,
850 876 1046 958 atque
1133 869 1269 959 (ut)
1342 870 1786 957 distinguatur
1851 870 2144 936 aedicula
2214 870 2373 936 haec
2439 871 2509 935 in

670 989 924 1069 tempus
972 1034 1317 1051 ......

672 1145 1020 1162 ......
1069 1095 1212 1161 61111
1272 1117 1470 1182 supra
1515 1095 1684 1160 hanc
1734 1094 2096 1161 aediculam
2147 1095 2224 1161 ad
2282 1095 2507 1161 simili-

669 1207 962 1273 tudinem
994 1207 1346 1293 insignium
1378 1207 1700 1294 regiorum
1722 1208 1915 1288 facta,
1943 1229 2107 1294 quae
2132 1214 2287 1273 sunt
2313 1231 2508 1296 supra

671 1318 1035 1401 aediculas;
1105 1320 1193 1384 sit
1240 1318 1537 1384 diadema
1588 1320 1658 1384 in
1710 1319 1938 1401 medio,
1991 1321 2146 1407 (11116
2194 1321 2508 1386 sanctitas

673 1432 895 1497 divina
953 1430 1244 1519 fulgebat
1303 1454 1377 1496 eo
1435 1431 1688 1497 intrans
1749 1432 1820 1496 in
1881 1432 2139 1498 domum
2187 1432 2290 1497 dei
2337 1433 2506 1498 Ptah

676 1566 874 1631 quum
907 1543 1106 1625 fieret,
1131 1549 1207 1609 111
1238 1543 1545 1608 darentur
1574 1543 1675 1608 illi
1694 1544 2080 1609 caerimonia
2110 1544 2368 1632 quando
2396 1569 2509 1611 rex

672 1655 823 1721 iniit
881 1654 1190 1741 templum
1249 1654 1330 1719 ad
1390 1654 1827 1742 accipiendam
1884 1662 2272 1742 potestatem
2325 1679 2507 1723 suam

673 1788 973 1854 magnam
1000 1792 1016 1848 ;
1062 1788 1176 1852 per
1206 1771 1548 1846 statutum,
1580 1772 1657 1832 ut
1687 1767 1876 1833 detur
1904 1767 1975 1833 in
2019 1767 2159 1834 loco
2191 1769 2506 1854 superiori

673 1878 1014 1964 tetragoni,
1069 1877 1238 1964 quod
1299 1884 1397 1942 est
1458 1877 1627 1943 circa
1679 1878 1799 1945 has
1853 1902 2117 1945 coronas
2169 1880 2240 1944 in
2298 1881 2509 1946 medio

672 1989 1055 2055 diadematis
1086 1987 1284 2077 hujus
1335 2037 1810 2058 ........

676 2151 1017 2170 ......
1065 2107 1311 2183 0111616,
1361 2108 1629 2188 apparet
1682 2101 1788 2167 hic
1838 2102 2137 2169 dominus
2187 2103 2506 2169 diadema-

671 2222 827 2296 tum,
861 2214 973 2300 qui
1018 2212 1172 2278 fecit
1216 2212 1544 2278 illustrem
1589 2213 1960 2301 Aegyptum
2006 2215 2398 2302 superiorem
2443 2224 2510 2283 et

671 2325 1056 2391 inferiorem.
1194 2325 1382 2404 Quod
1444 2325 1582 2390 dies
1641 2325 1914 2391 ultimus
1974 2328 2214 2393 mensis
2294 2330 2509 2414 quarti

670 2435 1115 2503 inundationis
1159 2436 1565 2523 tempestatis
1618 2438 1925 2520 (Mesore)
1980 2438 2117 2504 dies
2166 2439 2509 2506 natalitius

671 2550 772 2615 dei
817 2548 968 2614 boni
1016 2570 1263 2635 semper
1296 2541 1611 2631 'viventia
1648 2548 1760 2635 (1111
1808 2550 2204 2616 00113111111113
2253 2557 2353 2617 631
2397 2575 2510 2639 per

672 2661 1047 2750 panegyrim
1107 2666 1299 2746 atque
1351 2660 1593 2726 festum
1638 2661 1708 2726 in
1760 2661 2001 2728 divinis
2058 2663 2317 2751 templis
2368 2665 2506 2755 jam

673 2781 880 2857 antea,
918 2774 1156 2862 pariter
1186 2778 1382 2859 atque
1416 2772 1553 2838 dies
1599 2774 1881 2840 decimus
1914 2775 2225 2862 septimus
2270 2778 2508 2842 mensis

671 2887 934 2954 secundi
987 2885 1170 2951 verni
1217 2886 1525 2972 temporis
1577 2887 1909 2974 (Paophi),
1958 2910 2101 2954 ecce
2162 2911 2291 2975 quo
2350 2891 2505 2955 fecit

670 2999 1072 3081 caerimonia,
1125 3020 1289 3085 quae
1348 2998 1759 3085 pertinebant
1821 2999 1902 3064 ad
1962 3000 2209 3088 regium
2270 3003 2506 3067 festum

672 3112 1023 3200 accipiendi
1054 3111 1306 3198 imperii
1327 3111 1463 3176 loco
1482 3112 1705 3199 patrie,
1734 3112 1996 3177 initium
2016 3119 2200 3179 erant
2222 3114 2509 3179 omnium

672 3226 944 3291 aliorum
992 3273 1337 3292 ......

670 3338 1006 3419 fabricata,
1084 3333 1212 3424 (ut)
1278 3335 1475 3400 etiam
1549 3336 1954 3404 celebrentur
2012 3339 2150 3404 dies
2208 3339 2310 3404 illi
2371 3339 2507 3405 dies

672 3450 983 3539 septimus
1015 3449 1297 3514 decimus
1330 3454 1524 3534 atque
1569 3448 1844 3516 ultimus
1889 3451 2025 3517 dies
2071 3453 2245 3517 omni
2288 3474 2505 3517 mense

669 3587 784 3652 per
813 3562 1185 3650 panegyrim
1217 3561 1285 3625 in
1306 3561 1628 3626 universis
1653 3563 1912 3650 templis
1930 3570 2136 3629 terrae
2161 3564 2506 3651 sycomori3

670 3700 784 3764 per
845 3680 1161 3740 statutum
1220 3673 1428 3737 facere
1492 3673 1868 3739 holocausta
1928 3681 1992 3740 et
2055 3675 2368 3740 sacrificia
2442 3682 2507 3741 et
