2900 4284
393 1024 476 1088 12

389 2145 469 2208 13

384 3044 467 3108 14

794 400 1192 463 BRUGSCH’S
1245 417 1461 464 LATIN
1511 418 2014 465 TRANSLATION
2328 413 2403 479 15

565 573 913 641 libationes
944 581 1009 640 et
1039 576 1245 641 facere
1278 598 1462 642 omne
1495 576 1674 642 aliud
1706 581 2029 641 statutum
2061 575 2303 640 factum
2337 574 2404 639 in

566 687 1001 774 panegyribus
1050 694 1115 752 et
1168 689 1354 754 festis
1403 688 1538 754 illis
1592 688 1763 753 omni
1816 711 2051 769 mense,
2100 693 2166 753 et
2221 709 2403 752 omne

566 799 748 864 aliud
819 800 1061 865 factum
1134 800 1203 866 in
1279 800 1386 866 his
1460 801 1896 888 panegyribus
1957 800 2091 889 (ut)
2150 799 2267 865 fiat
2329 805 2405 864 ut

566 912 1010 999 unusquisque
1041 912 1317 977 celebret
1347 912 1466 977 illa
1494 913 1565 977 in
1594 912 1832 1000 templo
1882 962 2305 980 .......

571 1023 960 1105 (Ptolemaeo
1033 1047 1280 1112 semper
1351 1024 1597 1090 viventi
1659 1048 1698 1090 a
1755 1025 1927 1090 Ptah
1988 1030 2223 1105 amato)
2288 1023 2404 1089 deo

565 1136 926 1216 manifestO,
960 1136 1212 1203 domino
1259 1137 1516 1224 optim0‚
1551 1137 1889 1201 annuatim
1920 1136 2066 1200 inde
2112 1159 2151 1201 a
2195 1136 2402 1223 primo

565 1247 732 1313 bono
793 1248 894 1313 die
954 1249 1143 1336 primi
1195 1249 1436 1314 mensis
1490 1249 1659 1314 veris
1720 1247 1994 1336 (Thoth)
2052 1270 2258 1335 usque
2320 1248 2401 1313 ad

566 1360 868 1446 quintum
902 1361 1088 1442 diem,
1116 1360 1354 1447 quibus
1379 1383 1643 1426 coronas
1663 1359 1921 1440 habent,
1950 1360 2062 1446 qui
2081 1359 2405 1426 celebrant

563 1473 958 1559 panegyrim,
1016 1473 1325 1560 (erigunt)
1378 1471 1629 1553 altaria,
1676 1471 1929 1536 faciunt
1982 1471 2294 1536 sacrificia
2339 1478 2404 1536 et

565 1583 907 1650 libationes
967 1606 1279 1671 omneque
1341 1584 1521 1649 aliud
1578 1583 2037 1649 caerimonium
2088 1583 2365 1649 faciendi
2386 1609 2403 1666 ;

565 1696 696 1785 (ut)
731 1696 1521 1783 sacerdotestemplorum
1567 1695 1639 1760 in
1684 1695 1887 1783 portis
1927 1695 2152 1760 domus
2197 1696 2403 1761 totius

562 1815 770 1874 terrae
819 1810 885 1874 in
930 1810 1187 1875 nomine
1249 1831 1366 1874 suo
1419 1807 1836 1873 nominentur
1886 1807 2237 1895 prophetae
2299 1809 2376 1874 de

562 1898 906 2003 manifesti,
931 1921 1171 1987 domini
1197 1920 1441 2009 optimi,
1467 1920 1643 1985 ultra
1672 1919 1937 1985 titulum
1969 1919 2351 1985 sacerdotun

565 2033 677 2121 qui
709 2040 808 2099 est
838 2033 974 2100 illis
1019 2083 1566 2102 .........

564 2196 836 2213 .....
883 2144 1151 2211 titulum
1183 2145 1580 2210 sacerdotum
1626 2142 1728 2208 dei
1773 2143 2121 2225 manifesti,
2155 2144 2397 2211 domiui
2493 2178 2500 2187 ·

562 2257 805 2344 optimi,
838 2257 905 2322 in
958 2257 1244 2344 sigillum
1290 2278 1522 2322 manus
1569 2278 1709 2320 ecce
1742 2254 1855 2319 fiat
1904 2255 2118 2339 etiam,
2147 2262 2224 2321 ut
2277 2257 2394 2323 1100

563 2369 650 2434 sit
677 2370 747 2434 in
790 2369 1072 2435 brachiis
1101 2369 1449 2450 hominum,
1485 2390 1611 2454 quo
1643 2368 1773 2432 sint
1823 2368 2054 2448 ornati,
2087 2375 2162 2433 ut
2199 2369 2393 2434 collo-

562 2488 709 2546 cent
738 2481 980 2568 pariter
1032 2481 1197 2546 hanc
1229 2480 1583 2546 aediculam
1616 2480 1718 2545 dei
1766 2463 2118 2562 manifesti,
2154 2480 2392 2546 domini

561 2594 805 2680 optimi,
838 2600 913 2658 ut
944 2593 1030 2658 sit
1070 2592 1189 2659 illa
1227 2593 1297 2658 in
1346 2592 1529 2657 domo
1582 2614 1800 2656 eorum
1824 2617 1841 2673 ;
1888 2614 2002 2678 per
2054 2598 2392 2677 statutum,

559 2711 635 2768 ut
687 2704 1011 2770 celebrent
1059 2703 1402 2792 (homines)
1450 2703 1874 2792 panegyrides
1920 2709 1985 2768 et
2016 2704 2184 2768 festa
2232 2705 2391 2771 haec

557 2840 669 2904 per
700 2839 979 2882 mensem
1010 2839 1123 2903 per
1153 2838 1392 2881 annum
1413 2843 1430 2898 ;
1478 2822 1543 2881 et
1588 2823 1663 2881 ut
1709 2823 2133 2902 cognoscatur
2163 2840 2279 2883 cur
2322 2819 2392 2900 ii,

559 2930 670 3016 qui
703 2934 857 2994 sunt
889 2929 957 2992 in
988 2928 1301 3016 Aegypto,
1335 2927 1551 2992 colant
1599 2977 2014 2994 .......

560 3091 976 3110 .......
1026 3040 1302 3106 scribere
1326 3039 1447 3105 hoc
1473 3040 1796 3105 decretum
1826 3040 1895 3104 in
1927 3040 2133 3105 stelen
2166 3064 2199 3105 e
2232 3041 2391 3110 duro

557 3153 771 3240 lapide
802 3153 1095 3219 basanite
1127 3152 1447 3240 scriptura
1477 3152 1737 3239 linguae
1759 3152 2039 3234 deorum,
2067 3153 2389 3240 scriptura

555 3266 973 3347 voluminum,
1036 3265 1355 3350 scriptura
1407 3264 1814 3346 Graecorum,
1878 3264 2184 3330 collocare
2247 3289 2387 3333 eam

555 3378 625 3442 in
651 3377 942 3442 domibus
961 3376 1255 3441 veritatis
1279 3376 1347 3440 in
1367 3377 1571 3463 portis
1596 3376 1922 3441 domorum
1946 3384 2154 3443 terrae
2186 3381 2391 3446 totius

557 3490 625 3554 in
670 3489 925 3553 nomine
972 3510 1087 3553 suo
1131 3489 1352 3576 prim0,
1387 3488 1681 3569 secundo,
1714 3488 1909 3554 tertio
1947 3488 2101 3570 1000,
2134 3489 2246 3555 ubi
2292 3499 2392 3556 est

557 3602 766 3687 imago
827 3601 998 3688 regis
1056 3600 1336 3688 Aegypti
1398 3601 1742 3688 superioris
1802 3607 1866 3665 et
1919 3586 2240 3667 inferioris
2288 3604 2391 3669 dei

557 3713 904 3794 manifesti,
939 3714 1179 3778 domini
1211 3713 1459 3800 optimi.
