2900 4284
391 550 484 624 23

390 1066 489 1137 24

389 1580 481 1652 25

384 2093 479 2165 26

380 2730 477 2805 27

378 3370 475 3442 28

1058 388 1211 433 THE
1261 388 1512 435 GREEK
1557 389 1745 436 TEXT
2291 394 2409 438 111

589 546 935 649 χ[ρ]όνου
961 550 1495 647 συνεστηκυίας
1521 555 1647 649 τῆς
1684 552 2236 651 ἀλλοτριότητος
2261 556 2409 633 τοῖς

593 676 1195 776 ἐπισυναχθεῖσιν
1237 677 1334 757 εἷς
1381 676 1604 772 αὐτὴν
1646 678 2031 769 ἀσεβέσιν,
2087 677 2158 753 οἳ
2209 677 2409 775 ἦσαν

595 799 691 881 εἷς
744 833 820 876 τε
873 802 962 875 τὰ
1019 801 1197 901 ἶερά,
1259 803 1379 877 καὶ
1438 804 1603 884 τοὺς
1656 807 1728 878 ἐν
1777 805 2112 904 Αἰγύπτῳ
2175 836 2406 880 κατοι·

594 928 892 1010 κοῦντας
927 929 1166 1003 πολλὰ
1202 928 1391 1003 κακοὶ
1429 931 2090 1026 συντετελεσμένοι,
2130 930 2250 1005 καὶ
2284 932 2406 1005 ἀν-

591 1062 998 1153 τικαθίσας,
1054 1065 1398 1165 χώμασίν
1441 1096 1518 1140 τε
1575 1064 1695 1139 καὶ
1755 1067 2055 1167 τάφροις
2100 1066 2221 1140 καὶ
2275 1067 2406 1142 τεί-

589 1220 807 1289 χεσιν
868 1191 1091 1283 αὐτὴν
1145 1189 1560 1290 ἀξιολόγοις
1614 1191 2063 1291 περιέλαβεν·
2135 1194 2262 1269 τοῦ
2331 1224 2406 1268 τε

589 1316 859 1391 Νείλου
885 1316 1017 1413 τὴν
1040 1316 1422 1408 ἀνάβασιν
1455 1315 1788 1417 μεγάλην
1809 1320 2310 1415 ποιησαμένου
2334 1322 2406 1394 ἐν

587 1442 687 1541 τῷ
725 1440 964 1542 ὀγδόῳ
1001 1443 1160 1532 ἔτει,
1204 1442 1324 1516 καὶ
1361 1441 1776 1539 εἰθισμένου
1814 1446 2279 1535 κατακλύζειν
2312 1445 2403 1520 τὰ

589 1575 819 1666 πεδία,
861 1580 1235 1678 κατέσχεν,
1276 1579 1356 1652 ἐκ
1399 1580 1688 1653 πολλῶν
1733 1577 1970 1653 τόπων
2016 1582 2402 1680 ὀχυρώσας

588 1703 678 1777 τ’ὰ.
748 1702 1084 1800 στόματα
1150 1706 1290 1778 τῶν
1357 1707 1720 1800 ποταμῶν,
1792 1706 2227 1804 χορηγήσας
2306 1708 2403 1790 εἷς

590 1829 772 1906 αὐτὰ
804 1831 1201 1931 χρημάτων
1234 1829 1509 1926 πλῆθος
1544 1831 1677 1903 οὐκ
1703 1829 1973 1929 ὀλίγον·
2016 1830 2153 1915 καὶ,
2186 1863 2399 1907 κατα-

587 1956 881 2054 στήσας
918 1955 1152 2038 ἱππεῖς
1186 1987 1262 2031 τε
1299 1955 1420 2031 καὶ
1453 1955 1706 2046 πεζοὺς
1738 1957 1920 2055 πρὸς
1953 1956 2043 2056 τῇ
2079 1959 2370 2059 φυλακῇ

587 2092 838 2181 αὐτῶν,
869 2092 944 2165 ἐν
972 2090 1192 2190 ὀλίγῳ
1221 2092 1461 2191 χρόνῳ
1489 2090 1619 2187 τήν
1652 2120 1728 2164 τε
1763 2091 1975 2164 πόλιν
2009 2090 2193 2165 κατὰ
2229 2090 2402 2192 κρά-

583 2249 704 2299 τος
757 2215 971 2307 εἷλεν,
1028 2220 1149 2290 καὶ
1200 2215 1364 2298 τοὺς
1411 2219 1487 2291 ἐν
1538 2216 1720 2314 αὐτῇ
1777 2215 2079 2307 ἀσεβεῖς
2129 2217 2399 2298 πάντας

585 2340 1005 2442 διέφθειρεν·
1039 2340 1366 2441 καθάπερ
1393 2339 1748 2440 [”Ερμ]ἣς
1784 2340 1905 2414 καὶ
1926 2336 2182 2439 Ὧρος,
2209 2341 2249 2416 ὁ
2272 2345 2399 2439 τῆς

586 2467 820 2549 Ἴσιος
869 2468 990 2543 καὶ
1027 2467 1357 2567 Ὀσίριος
1394 2468 1569 2557 ὗιός,
1611 2468 2091 2567 ἐχειρώσαντο
2126 2467 2290 2548 τοὺς
2326 2472 2400 2544 ἐν

582 2596 730 2674 τοῖς
766 2593 1004 2674 αὐτοῖς

583 2731 828 2810 τόποις
867 2728 1329 2808 ἀποστάντας
1374 2728 1745 2829 πρότερον·
1802 2730 1964 2808 τοῦς
1999 2724 2176 2828 [δ’]1
2212 2726 2394 2825 ἀφη-

579 2859 1045 2955 γησαμένους
1091 2857 1230 2930 τῶν
1277 2853 1754 2928 ἀποστάντων
1800 2852 1917 2929 ε’πὶ
1967 2856 2096 2929 τοῦ
2141 2854 2396 2929 ἑαυτοῦ

580 2983 876 3078 πατρὸς,
928 2978 1049 3054 καὶ
1098 2977 1229 3075 τὴν
1282 2979 1532 3079 χώραν
1578 2975 1983 3079 ἐ[νοχλήσ]
1998 3010 2233 3066 αντας,
2276 2980 2397 3053 καὶ

581 3105 670 3181 τὰ
708 3105 862 3207 ῖερὰ
889 3103 1404 3200 ἀδικήσαντας,
1444 3107 2023 3203 παραγενόμενος
2061 3105 2158 3185 εἷς
2194 3106 2396 3203 Μέμ·

583 3235 730 3331 φιν,
773 3234 1145 3329 ἐπαμυνῶν

578 3367 677 3465 τῷ
735 3365 955 3466 πατρὶ
1023 3365 1144 3440 καὶ
1209 3365 1299 3465 τῇ
1367 3365 1621 3440 ἑαυτοῦ
1688 3365 2067 3465 βασιλείᾳ,
2124 3367 2392 3448 πάντας

581 3494 936 3568 ἐκόλασεν
989 3492 1470 3589 καθηκόντως,
1528 3489 1690 3564 καθ’
1732 3490 1815 3564 ὃν
1869 3495 2125 3592 καιρὸν
2174 3525 2392 3590 παρε-

1052 3701 1071 3737 ¹
1117 3700 1411 3761 Letronne
1441 3701 1548 3760 has
1584 3698 1713 3779 [τ’].
